2842 4386
559 218 738 262 Annorfflo
762 218 884 261 omnen

376 893 753 978 ADNOTATIO
803 893 1072 980 ORITIOA.

180 1181 208 1232 V
220 1206 252 1225 =
265 1195 412 1233 consensus
424 1178 556 1231 librorum
568 1176 596 1231 Gr
607 1182 635 1230 et
647 1177 671 1232 Ο
683 1206 717 1226 =
729 1178 816 1232 codex
827 1177 995 1234 Veronensis
1006 1195 1080 1233 nunc
1091 1177 1218 1232 amissus.

181 1247 209 1301 G
220 1274 253 1292 =
265 1247 351 1301 codex
364 1245 615 1318 sangermanensis.

181 1316 205 1370 Ο
217 1345 252 1364 =
264 1316 350 1370 codex
362 1314 534 1369 Oxoniensis.

181 1400 199 1449 ς
215 1412 250 1430 =
262 1384 373 1438 codices
384 1383 550 1436 recentiores
562 1381 598 1434 ab
609 1381 688 1434 Italis
699 1380 867 1449 interpolati,
880 1398 994 1450 quorum
1005 1399 1076 1435 unus
1086 1386 1128 1436 est
1135 1381 1204 1434 D=
1212 1381 1274 1436 Da·

248 1457 338 1517 tanus,
355 1450 426 1504 alius
444 1450 470 1503 L
481 1479 516 1497 =
527 1449 598 1503 liber
617 1449 683 1501 olim
701 1448 845 1502 Laurentii
864 1449 998 1516 Santenii,
1019 1466 1087 1518 quos
1108 1451 1176 1503 duos
1196 1466 1271 1505 nunc

248 1519 439 1572 Berolinenses
451 1518 645 1571 Lachmannus
658 1517 810 1570 adtentum
822 1517 1042 1571 constituendum
1054 1518 1189 1574 adhibuit.

180 1589 206 1642 Τ
218 1614 253 1633 =
265 1587 350 1640 codex
362 1587 520 1640 Thuaneus.

249 1655 382 1710 Omnibus
394 1654 461 1708 locis
477 1654 526 1707 ubi
543 1653 654 1707 nomina
664 1653 846 1721 Lachmanni,
864 1653 991 1722 Hauptii‚
1007 1652 1096 1705 Ellisii
1109 1653 1159 1706 sim
1180 1652 1274 1707 liciter

180 1723 343 1777 adferuntur
359 1723 507 1777 tenendum
524 1727 565 1775 est
577 1722 727 1775 editionem
738 1721 992 1775 Lachmannianam
1008 1721 1134 1790 primam,
1181 1721 1272 1792 auptii

179 1791 300 1860 tertiam,
312 1791 402 1843 Ellisli
414 1792 531 1844 alteram
542 1789 676 1860 intellegi.

238 2037 292 2096 19
316 2039 512 2110 qualecumque
538 2044 592 2105 tuo,
615 2045 747 2110 patrone,
773 2036 855 2092 verbo
882 2032 961 2094 Guil.
983 2034 1171 2093 Froehnerus
1196 2055 1273 2094 mus.

180 2121 277 2181 Rhen.
296 2119 379 2178 XIII
398 2121 468 2192 148,
488 2122 539 2198 qui
556 2130 709 2197 praeterea
725 2140 755 2178 v.
774 2121 793 2178 8
812 2121 924 2176 libelllst
946 2119 1040 2177 voluit
1063 2121 1127 2177 sine
1144 2121 1272 2178 necessi-

180 2214 249 2265 tate.
277 2208 641 2280 qualecumque—maneat
655 2204 766 2262 dictum
782 2224 835 2282 pro
851 2206 933 2279 quod,
953 2208 1148 2279 qualecumque
1165 2214 1217 2276 est,
1227 2236 1273 2246 -

180 2300 301 2360 umncat,
324 2308 400 2368 quae
421 2288 658 2367 breviloquentia
679 2288 755 2347 nihil
777 2289 946 2348 offensionis
968 2289 1066 2349 habet.
1101 2288 1178 2347 conf.
1196 2289 1273 2348 Tae.

181 2374 352 2434 ann.le
369 2374 409 2432 55
421 2393 442 2432 s.
467 2376 507 2431 in.
551 2377 748 2449 qualecumque
774 2377 849 2449 quod
869 2385 996 2450 patrona
1021 2378 1099 2448 uirqo
1126 2374 1163 2447 V,
1190 2373 1272 2452 quod

182 2463 267 2537 signo
296 2461 389 2518 crucis
416 2457 551 2536 adposito
577 2461 697 2518 retinuit
723 2459 881 2537 Hauptius,
925 2480 972 2535 qu.
996 2463 1079 2535 quod,
1107 2480 1122 2517 o
1144 2469 1274 2534 patrona

181 2548 260 2619 virqo
282 2543 372 2621 vulgo
396 2543 433 2603 de
456 2545 624 2603 coniectura
641 2545 793 2603 Italorum.
835 2543 887 2603 sed
905 2563 977 2603 cave
996 2564 1034 2603 ne
1052 2564 1086 2603 eo
1104 2542 1192 2602 modo
1210 2565 1272 2602 ma-

182 2650 255 2688 num
273 2627 384 2688 catulli
401 2631 565 2688 restitutam
582 2639 675 2707 putes.
715 2648 792 2707 quae
810 2631 889 2687 enim
906 2631 964 2687 ista
981 2638 1106 2706 patrona
1123 2631 1208 2705 virgo
1226 2631 1272 2687 in-

182 2714 352 2791 tellegenda
375 2716 413 2772 sit
432 2714 522 2793 plane
540 2716 696 2772 obscmum
713 2722 764 2785 est,
787 2714 956 2792 nulliusque
975 2713 1048 2772 deae
1065 2715 1213 2772 invocatio
1232 2714 1273 2773 ab

182 2801 271 2858 huius
289 2800 426 2858 carminis
443 2799 557 2857 ratione
574 2819 634 2856 non
653 2798 798 2857 abhorret.
825 2819 895 2856 nam
912 2797 992 2877 quod
1009 2798 1181 2857 Schwabius
1200 2818 1270 2856 ann.

182 2885 284 2963 philol.
309 2883 430 2943 CXVII
448 2883 509 2941 258
524 2903 545 2942 s.
569 2883 646 2940 dixit
666 2887 739 2956 ioco,
762 2903 823 2941 non
846 2885 920 2941 serio
943 2884 1109 2941 Minervam
1129 2884 1271 2956 invocari,

183 2989 220 3029 ea
242 2969 401 3047 explicatio
423 2987 461 3027 ex
482 2969 545 3026 istis
567 2976 611 3026 est
633 2968 739 3046 quibus
763 2966 922 3027 defendere
945 2970 1044 3026 omnia
1060 2967 1156 3026 liceat
1193 2976 1273 3027 certe

184 3056 209 3113 si
232 3062 367 3112 constare
389 3053 445 3112 sibi
468 3072 556 3131 quam
578 3054 702 3130 ineptire
724 3053 854 3112 malebat
875 3059 972 3130 poeta,
994 3072 1055 3110 non
1077 3059 1192 3130 poterat
1209 3073 1271 3111 non

183 3139 261 3197 hanc
284 3138 387 3196 efferre
413 3138 600 3196 sententiam:
629 3139 682 3210 ‘tu,
711 3136 839 3208 Corneli,
863 3157 958 3213 nugas
984 3156 1063 3196 meas
1085 3139 1144 3195 iam
1166 3136 1217 3196 diu
1238 3139 1272 3196 in

183 3224 277 3301 pretio
299 3222 437 3280 habuisti,
473 3240 563 3301 quare
585 3242 663 3281 nunc
686 3224 786 3300 accipe
808 3223 886 3282 hunc
903 3222 1045 3293 libellum,
1068 3224 1120 3301 qui
1137 3224 1274 3301 quamvis

182 3308 258 3366 levis
276 3309 323 3379 sit,
344 3316 405 3380 tuo,
427 3306 581 3365 clarissimi
603 3327 701 3366 rerum
722 3309 882 3385 scriptoris,
905 3309 1069 3385 patrocinio
1091 3306 1210 3366 adiutus
1233 3306 1273 3366 ad

183 3394 383 3471 posteritatem
399 3391 570 3471 pervenial'.
606 3391 693 3451 huius
712 3395 876 3451 sententiae
893 3395 1098 3450 necessitatem
1111 3394 1201 3451 etiam
1219 3392 1273 3450 alii

182 3485 410 3556 perspexerunt,
436 3476 520 3535 velut
541 3475 679 3535 Handius
702 3484 813 3555 quaest.
839 3474 946 3536 Catull.
968 3497 996 3554 p.
1016 3479 1077 3549 3s.‚
1101 3480 1153 3556 qui
1175 3477 1273 3556 Raph.

183 3563 328 3639 Eglinum
345 3571 462 3621 secutus
480 3563 596 3638 scripsit
613 3565 809 3636 qualecumque
826 3564 943 3636 quidem,
962 3572 1095 3636 patrone,
1115 3581 1170 3636 per
1188 3572 1224 3634 te,
1243 3568 1275 3622 et

182 3647 331 3724 Bergkius
352 3645 617 3727 phi101.X11581
642 3667 688 3721 qu.
707 3649 884 3722 quidemst,
903 3649 1022 3722 patroni
1037 3656 1068 3703 ut
1090 3667 1155 3721 erqo
1172 3647 1273 3723 legen·

184 3732 254 3791 dum
281 3751 418 3801 censens.¹
454 3750 558 3790 verum
582 3729 640 3789 hae
666 3735 851 3791 coniecturae
881 3732 913 3789 in
943 3731 1121 3809 interpolata
1147 3730 1216 3790 libri
1242 3731 1272 3790 D

183 3821 328 3895 scriptura
345 3819 453 3892 quidem
470 3820 612 3875 nituntur.
645 3825 773 3875 ceterum
790 3837 850 3874 non
869 3815 906 3875 de
924 3815 998 3876 deae
1015 3816 1148 3888 alicuius,
1166 3816 1219 3875 sed
1237 3816 1274 3876 de

181 3902 308 3981 Nepotis
325 3900 472 3980 praesidio
489 3901 538 3960 hio
554 3901 685 3960 locutum
702 3921 765 3962 csse
786 3911 905 3980 poetam
924 3903 1014 3960 etiam
1030 3904 1192 3960 imitatores
1210 3906 1276 3961 eius

183 3986 321 4066 produnt.
361 3986 478 4061 Munro,
511 3989 558 4046 cui
581 3994 610 4046 et
635 3990 694 4066 ipsi
716 3986 753 4047 de
775 3986 902 4046 traditae
924 3987 1060 4047 lectionis
1080 3987 1276 4065 peruersitate
