2842 4386
620 261 737 316 LIBER
748 264 750 270 ’

271 385 405 460 Hibera,
424 406 520 468 quarn
538 385 598 449 soit
614 385 716 449 amnis
734 384 852 452 aurifer
868 385 989 471 Tagus.

272 491 305 545 et
317 479 438 544 huicne
457 478 563 543 Gallia
582 491 614 544 et
631 480 721 544 metit
742 479 926 544 Britannia?

272 573 350 656 quid
368 572 454 637 hune
471 574 590 637 malum
608 573 743 638 fovetis?
765 583 819 638 aut
837 573 915 657 quid
931 573 984 638 hio
1001 581 1104 658 potest

271 667 333 730 nisi
352 676 448 731 uncta
465 666 617 731 devorare
635 667 842 751 patrimonia?

272 781 353 825 eone
371 759 510 835 nomine,
528 760 615 824 urbis
636 782 655 824 o
673 753 840 844 putissimi,

273 873 363 918 sooer
380 875 552 938 generque,
570 852 750 939 perdidistis
769 853 893 918 omnia?

591 1200 733 1266 XXX.

165 1320 284 1386 Alfene
302 1321 458 1386 inmemor
475 1330 571 1403 atque
589 1321 747 1385 unanimis
765 1319 845 1386 false
863 1321 1035 1396 sodalibus,

164 1414 229 1478 iam
247 1425 278 1479 te
295 1415 340 1479 nil
359 1415 497 1491 miseret,
515 1415 605 1489 dure,
623 1414 669 1477 tui
688 1413 789 1479 duleis
807 1414 954 1479 amiculi?

164 1601 228 1664 iam
246 1623 297 1666 me
315 1601 458 1686 prodere,
476 1601 540 1664 iam
556 1622 620 1664 non
639 1600 766 1664 dubitas
784 1601 903 1676 fallere,
921 1600 1060 1684 perfide?

165 1716 225 1759 neo
241 1695 327 1759 faeta
343 1694 430 1780 inpia
448 1694 599 1759 fallacum
616 1693 781 1758 bominum
799 1694 955 1759 caelicolis
973 1694 1108 1779 placent.

163 1882 251 1965 quod
269 1892 305 1945 tu
321 1880 476 1964 neglegis,
495 1901 533 1944 ao
550 1902 602 1944 me
619 1880 770 1944 miserum
788 1880 906 1945 deseris
924 1881 956 1944 in
974 1880 1075 1945 malis.
1204 1895 1224 1951 5

163 1975 247 2040 eheu
265 1975 341 2059 quid
360 1974 487 2048 faciant,
506 1973 740 2051 dietbomines,
759 1973 850 2039 ouive
868 1974 1007 2039 habeant
1023 1973 1138 2038 fidem?

163 2174 250 2227 certe
268 2171 335 2227 tute
352 2161 486 2226 iubebas
504 2161 642 2225 animam
661 2162 795 2238 tradere,
812 2161 930 2246 inique,
947 2184 999 2227 me

163 2253 318 2321 inducens
335 2255 368 2320 in
386 2277 535 2332 amorem,
553 2253 645 2338 quasi
662 2264 731 2319 tuta
748 2255 855 2320 omnia
871 2256 916 2320 mi
932 2255 1046 2322 forent.

162 2442 249 2508 idem
266 2464 352 2507 nuno
369 2441 502 2508 retrahis
520 2452 551 2507 te
569 2463 607 2505 ao
624 2451 680 2505 tua
697 2442 782 2507 dieta
799 2442 906 2507 omnia
922 2443 1071 2526 factaque

165 2549 275 2602 ventos
292 2536 386 2600 inrita
402 2537 485 2600 ferre
502 2556 541 2599 ao
557 2535 690 2598 nebulas
708 2537 809 2601 aerias
827 2536 913 2600 sinis.
1203 2551 1239 2606 10

162 2724 192 2789 si
209 2735 244 2788 tu
262 2723 379 2788 oblitus
397 2744 442 2797 es,
461 2733 493 2785 at
510 2722 542 2785 di
560 2721 780 2796 meminerunt,
798 2721 942 2785 meminit
956 2721 1065 2798 Fides,

162 2840 247 2902 quae
265 2829 297 2882 te
314 2827 350 2882 ut
367 2816 527 2902 paeniteat
543 2814 710 2900 postmodo
728 2815 805 2878 faeti
822 2814 918 2879 faciet
935 2815 993 2879 tui.

591 3003 760 3013 ———.--

604 3162 742 3228 XXXI.

248 3282 359 3348 Paene
377 3282 561 3355 insularum,
581 3281 708 3359 Sirmio,
725 3282 963 3367 insularumque

248 3378 361 3453 ocelle,
378 3397 595 3459 quascumque
613 3375 646 3439 in
662 3376 855 3460 liquentibus
875 3378 995 3462 stagnis

250 3470 396 3552 marique
414 3481 503 3532 vasto
521 3468 583 3532 fert
600 3481 733 3551 uterque
750 3471 929 3555 Neptunus,

251 3586 347 3648 quarn
365 3574 396 3627 te
414 3563 549 3627 libenter
566 3584 724 3645 quamque
741 3564 843 3628 laetus
860 3566 971 3641 inviso,

250 3659 304 3722 vix
322 3657 365 3720 mi
382 3658 450 3742 ipse
469 3656 600 3720 eredens
618 3657 778 3741 Thyniam
796 3669 891 3742 atque
910 3659 1067 3742 Bithynos
1201 3675 1222 3731 5

249 3750 381 3834 liquisse
399 3772 528 3836 campos
547 3760 578 3814 et
596 3749 703 3814 videre
721 3759 752 3814 te
769 3751 802 3814 in
820 3751 903 3816 tuto!

249 3867 269 3908 o
288 3845 364 3928 quid
383 3844 494 3908 solutis
510 3854 560 3908 est
576 3843 701 3908 beatius
720 3845 814 3922 curis,

251 3961 324 4004 oum
342 3961 432 4003 mens
450 3959 529 4001 onus
548 3938 682 4022 reponit,
701 3959 739 4002 ao
756 3939 922 4025 peregrino

249 4033 358 4098 labore
376 4032 453 4097 fessi
470 4031 616 4097 venimus
633 4032 733 4098 larem
752 4034 800 4114 ad,
810 4044 951 4121 nostrum

179 4185 182 4189 ,
213 4133 312 4177 carum
999 4132 1021 4190 a
