2842 4386
643 196 813 256 cATULLI

300 321 387 388 cordi
406 318 568 386 Catullum
585 319 726 387 laedere:
748 331 782 386 at
799 320 1060 405 quibuscordist,
1111 336 1118 344 “

301 416 413 501 quovis
432 414 588 481 Sabinum
606 415 739 500 pignore
758 437 827 480 esse
845 417 1066 501 contendunt),

300 511 356 575 sed
374 531 431 574 seu
450 507 569 573 Sabine
588 507 654 573 sive
673 508 778 573 verius
795 508 923 586 Tiburs,

298 604 346 669 fui
363 603 498 668 libenter
515 602 548 666 in
565 611 621 666 tua
639 601 822 667 suburbana

299 698 375 763 villa
391 696 571 778 malamque
588 705 716 781 pectore
735 695 843 782 expuli
860 697 983 774 tussim,

299 814 363 856 non
380 789 546 855 inmerenti
564 810 661 872 quam
679 788 756 853 mihi
773 812 864 856 meus
882 801 1004 868 venter,

300 886 376 949 dum
394 894 596 968 sumptuosas
614 893 740 968 appeto,
760 882 857 961 dedit,
875 904 980 950 cenas.

299 1001 384 1054 nam,
404 975 570 1044 Sestianus
588 976 665 1040 dum
682 978 755 1041 volo
774 999 843 1043 esse
860 979 1007 1057 conviva,

299 1071 473 1136 orationem
490 1069 524 1133 in
541 1071 676 1134 Antium
694 1070 861 1155 petitorem

301 1167 428 1250 plenam
444 1163 558 1228 veneni
577 1174 608 1228 et
626 1163 822 1248 pestilentiae
838 1164 913 1249 legi.

299 1260 351 1323 hic
368 1279 420 1322 me
437 1257 570 1342 gravido
587 1257 704 1342 frigida
722 1271 753 1323 et
770 1258 920 1342 frequens
937 1257 1032 1324 tussis

300 1351 463 1437 quassavit
479 1373 580 1435 usque
598 1350 674 1415 dum
691 1351 724 1415 in
743 1363 833 1416 tuum
851 1352 955 1416 sinum
974 1351 1045 1438 fugi
1114 1394 1116 1399 ·

300 1455 333 1511 et
349 1467 401 1510 me
412 1445 562 1511 ,recuravi
579 1445 705 1527 otioque
724 1456 756 1510 et
772 1445 895 1528 urtica.¹

299 1562 398 1624 quare
415 1539 553 1603 refectus
569 1539 725 1603 maximas
743 1539 801 1603 tibi
819 1551 924 1626 grates

301 1655 373 1719 ago,
390 1655 497 1698 meum
516 1632 601 1716 quod
619 1655 683 1697 non
702 1655 735 1698 es
753 1631 820 1698 ulta
837 1644 1013 1719 peccatum.

299 1750 359 1793 nec
377 1727 530 1812 deprecor
545 1728 619 1803 iam,
638 1728 665 1791 si
683 1727 804 1792 nefaria
821 1727 939 1814 scripta

302 1821 387 1887 Sesti
403 1843 544 1906 recepso,
561 1821 640 1903 quin
657 1821 861 1906 gravedinem
880 1833 913 1889 et
930 1821 1040 1887 tussim
1111 1852 1113 1856 ⁴

300 1937 364 1979 non
382 1913 436 1990 mi,
455 1914 511 1978 sed
528 1913 589 1999 ipsi
608 1913 714 1980 Sestio
730 1914 813 1980 ferat
829 1915 941 2001 frigus,

300 2009 354 2093 qui
373 2021 441 2071 tum
459 2017 552 2073 vocat
569 2030 630 2085 me,
653 2031 726 2073 cum
743 2010 863 2076 malum
880 2010 997 2076 librum
1013 2007 1092 2096 legi.

639 2197 809 2210 —u

668 2356 779 2424 XLV.

300 2475 426 2539 Acmen
444 2473 628 2558 Septumius
647 2498 720 2539 suos
739 2499 862 2543 amores

301 2579 412 2632 tenens
429 2567 462 2630 in
480 2567 600 2652 gremio
619 2570 718 2633 ‘mea'
741 2571 843 2654 inquit
860 2572 989 2648 ‘Aome,

300 2661 382 2727 nite
399 2660 520 2746 perdite
539 2684 610 2724 amo
629 2674 723 2746 atque
741 2685 847 2729 amare
865 2687 959 2749 porro

301 2777 411 2819 omnes
429 2777 500 2819 sum
518 2755 651 2820 adsidue
669 2768 797 2840 paratus
817 2779 916 2834 annos

302 2859 457 2931 quantum
474 2847 530 2930 qui
546 2860 619 2933 pote
637 2850 808 2934 plurimum
825 2850 942 2936 perire,

301 2942 387 3006 solus
405 2941 438 3005 in
456 2940 563 3026 Libya
580 2943 735 3026 Indiaque
753 2954 836 3010 tosta

302 3034 406 3100 caesio
422 3034 548 3103 veniam
566 3037 678 3100 obvius
698 3037 801 3102 leoni?

185 3149 197 3160 ··
302 3129 363 3193 hoc
380 3138 416 3196 ut
433 3127 521 3204 dixit,
540 3129 651 3205 Amor,
670 3131 795 3195 sinistra
812 3135 829 3210 Τ
846 3141 883 3195 ut
899 3141 985 3209 ante,

301 3225 318 3302 t
336 3223 448 3286 dextra
464 3223 597 3286 sternuit
614 3223 884 3306 adprobationem.

304 3325 337 3379 at
353 3317 457 3380 Acme
473 3316 585 3381 leviter
602 3327 696 3401 caput
714 3319 877 3384 reflectens

301 3420 333 3474 et
350 3409 451 3472 dulcis
468 3407 560 3493 pueri
577 3409 681 3474 ebrios
699 3412 813 3476 ocellos

302 3503 355 3567 illo
373 3523 532 3586 purpureo
550 3524 604 3567 ore
622 3503 743 3568 saviata

302 3596 377 3659 ‘sic'
394 3596 506 3679 inquit,
525 3604 611 3660 ‘mea
628 3598 693 3661 vita
712 3597 911 3683 Septumille‚

228 3728 231 3734 ·
300 3690 374 3754 huic
391 3691 447 3754 uni
465 3689 591 3753 domino
610 3713 710 3775 usque
730 3693 913 3769 serviamus,

301 3794 338 3846 ut
354 3785 453 3848 multo
471 3782 548 3847 mihi
565 3785 667 3848 maior
683 3784 846 3870 acriorque

298 3876 381 3963 ignis
399 3877 547 3942 mollibus
564 3878 653 3942 ardet
670 3879 702 3943 in
722 3879 888 3945 medullis.'

294 3971 361 4037 boc
378 3982 414 4036 ut
431 3971 520 4049 dixit,
538 3972 651 4049 Amor,
670 3973 795 4040 sinistra
812 3986 848 4039 ut
865 3983 950 4052 ante,
