2842 4386
160 4138 260 4184 aeuum

566 270 682 324 LIBER

324 391 395 456 talis
413 391 445 456 in
463 393 550 456 vario
568 393 648 457 solet

389 484 495 549 divitis
514 485 633 549 domini
650 485 775 552 hortulo

390 590 472 642 stare
490 580 548 643 flos
566 578 798 663 hyacinthinus.

324 671 382 736 sed
399 673 542 748 moraris,
560 673 625 736 abit
643 672 725 738 dies:

386 765 532 849 prodesto,
549 787 633 830 nova
650 777 759 851 nupto.

324 933 469 1018 prodeas,
487 955 572 998 nova
588 947 698 1019 nupta,
717 935 744 1000 si

387 1027 451 1090 iam
468 1027 603 1103 videtur,
622 1037 654 1094 et
672 1029 782 1094 audias

388 1131 496 1185 nostra
513 1121 621 1185 verba.
665 1122 738 1187 vide
756 1134 791 1188 ut
808 1123 894 1190 faces

324 1237 437 1279 aureas
455 1215 602 1297 quatiunt
618 1217 744 1281 comas?

389 1309 533 1393 prodeas,
551 1330 635 1372 nova
651 1320 761 1396 nupta.

324 1499 388 1541 non
406 1488 479 1542 tuus
497 1478 575 1542 levis
592 1478 626 1541 in
644 1480 728 1544 mola

389 1571 513 1635 deditus
531 1570 579 1634 vir
596 1572 739 1637 adultera

388 1665 504 1749 probra
523 1665 627 1748 turpia
645 1687 838 1751 persequens

324 1779 345 1821 o
362 1757 424 1822 tuis
442 1757 557 1822 teneris
575 1758 660 1823 volet

389 1850 540 1915 secubare
558 1851 693 1936 papillis,

324 2020 410 2084 lenta
428 2021 505 2104 quin
522 2021 609 2086 velut
627 2020 745 2085 adsitas

388 2114 461 2178 vitis
479 2114 609 2200 inplicat
627 2114 766 2192 arbores,

387 2209 590 2294 inplicabitur
607 2210 640 2274 in
658 2221 761 2274 tuum·

324 2304 523 2386 conplexum.
567 2304 624 2368 sed
641 2303 708 2368 abit
725 2303 809 2368 diest

388 2396 532 2480 prodeas,
549 2419 634 2462 nova
649 2407 759 2481 nupto.

324 2587 420 2648 quem
437 2576 543 2631 tamen
560 2566 662 2651 magis
681 2566 812 2631 audiens

387 2938 522 3008 candido
540 2938 622 3025 pede
639 2938 723 3016 lecti,

323 3129 406 3196 quae
423 3120 477 3175 tuo
494 3109 625 3175 veniunt
644 3131 708 3187 ero,

388 3214 507 3287 quanto
523 3203 652 3289 gaudia,
670 3226 751 3287 quae
770 3225 854 3289 vaga

386 3309 488 3372 nocte,
507 3319 589 3380 quae
606 3297 711 3362 medio
735 3296 786 3361 die

323 3389 475 3476 gaudeatl
499 3390 556 3455 sed
573 3390 640 3455 abit
657 3391 739 3455 dies:

388 3484 533 3569 prodeas,
551 3505 635 3549 nova
651 3494 760 3569 nupta.

324 3663 432 3738 tollite,
451 3685 469 3726 0
487 3663 588 3747 pueri,
605 3663 706 3728 faces:

388 3757 569 3820 flammeum
587 3757 679 3820 video
696 3754 814 3822 venire.

388 3849 441 3923 ite,
460 3849 615 3914 concinite
630 3850 664 3913 in
680 3849 810 3913 modum

326 3948 361 4008 ‘o
380 3945 508 4029 Hymen
527 3945 714 4029 Hymenaee
731 3943 772 4019 io,

389 4058 408 4102 o
426 4038 556 4123 Hymen
575 4036 781 4123 Hymenaee?

945 4134 965 4191 3
