2842 4386
694 418 758 483 11².

386 547 452 605 tem
468 546 595 624 gratum
612 546 661 604 est
676 537 755 602 mihi
772 560 868 623 quam
885 537 992 606 ferunt
1008 536 1132 625 puellae

385 629 506 718 pernici
524 629 687 698 aureolum
703 631 803 697 fuisse
821 631 950 710 malum,

384 725 472 810 quod
488 747 603 790 zonam
621 725 716 791 soluit
733 725 788 790 diu
805 724 947 812 ligatam.

690 1074 745 1139 111

383 1193 522 1281 Legae,
541 1215 560 1258 o
577 1194 720 1260 Veneres
739 1190 988 1278 Cupidinesque,

382 1299 417 1354 et
433 1298 589 1373 quantum
607 1286 656 1353 es't
673 1286 837 1351 hominum
854 1287 1082 1380 venustiorum.

382 1405 493 1468 passer
509 1391 653 1447 mortuus
671 1389 718 1446 est
735 1401 825 1446 meae
843 1381 977 1465 puellae,

382 1498 502 1561 passer,
520 1475 651 1540 deliciae
669 1495 759 1539 meae
775 1473 910 1558 puellae,

380 1588 477 1652 quem
494 1568 568 1653 plus
580 1567 638 1633 illa
655 1567 755 1631 oculis
772 1566 838 1630 suis
856 1566 1004 1635 amabatz.

381 1668 458 1727 nam
475 1661 612 1741 mellitus
630 1671 703 1738 erat·
714 1681 869 1749 suamque
885 1670 978 1723 norat

380 1754 483 1840 ipsam
501 1746 571 1818 tam
585 1754 667 1818 bene
684 1775 781 1838 quam
798 1753 905 1838 puella
920 1764 1064 1829 matrem,

380 1870 442 1912 nec
459 1870 529 1913 sese
548 1871 567 1912 a
584 1847 706 1932 gremio
723 1847 807 1911 illius
824 1835 985 1922 mcvebat·

382 1940 440 2020 sed
458 1940 685 2027 circumsiliens
702 1938 797 2003 modo
816 1937 878 2003 huo
895 1939 990 2003 niodo
1007 1939 1083 2004 illuc

382 2032 425 2097 ad
442 2033 542 2099 solam
560 2032 721 2096 dominam
739 2053 840 2117 usque
857 2030 1009 2120 pipiabat.

381 2125 438 2208 qui
455 2119 539 2190 nunc'
555 2126 581 2189 it
596 2148 655 2211 per
671 2125 731 2190 iter
747 2124 979 2190 tenebricosum

381 2219 468 2296 illuc,
487 2218 572 2283 unde
588 2228 707 2304 negant
723 2218 826 2284 redire
844 2240 1046 2304 quemquam.

382 2322 416 2377 at
431 2313 623 2395 vobismale
640 2312 690 2389 sit,
710 2312 812 2377 malae
830 2312 980 2378 tenebrae

383 2404 473 2483 Orci,
491 2429 573 2491 quae
591 2406 697 2472 omnia
713 2404 798 2471 bella
815 2405 987 2472 devoratisr

382 2511 449 2564 tam
465 2500 585 2566 bellum
603 2499 680 2564 mihi
697 2522 858 2585 passerem
876 2498 1059 2565 abstulistis.

381 2594 539 2658 ofactum
555 2592 652 2660 malel
671 2593 701 2657 io
719 2593 839 2658 miselle
879 2593 978 2658 asser!

382 2687 439 2743 tua
455 2701 540 2743 nunc
557 2700 654 2763 opera
671 2690 841 2762 meae'pue
866 2700 903 2769 ae

382 2773 487 2838 flendo
505 2772 656 2858 turgiduli
673 2772 788 2837 rubent
805 2771 906 2863 ocelli.

691 3119 743 3186 1v

338 3239 496 3308 Phaselu's
513 3237 576 3317 ille,
594 3260 690 3323 quem
707 3237 832 3315 videtis,
849 3237 999 3326 hospites,

339 3335 384 3399 ait
400 3334 499 3398 fuisse
515 3333 645 3398 navium
662 3332 853 3408 celerrimus,

339 3449 443 3511 neque
460 3426 555 3490 ullius
572 3425 710 3490 natantis
726 3425 880 3511 impetum
897 3424 995 3490 trabis

339 3520 489 3606 nequisse
506 3520 686 3605 praeterire,
704 3519 771 3584 sive
788 3519 935 3604 palmulis

341 3637 422 3700 opus
440 3613 523 3678 foret
539 3613 645 3678 volare
663 3613 731 3678 sive
747 3613 855 3677 linteo.

340 3718 372 3775 et
388 3706 450 3771 hoc
466 3709 565 3792 'negat
580 3707 712 3771 minacis
729 3705 885 3771 Adriatici

339 3823 458 3888 negare
475 3800 549 3864 litus
565 3799 726 3865 insulasve
744 3797 903 3885 Cycladas

339 3895 553 3977 Rhodumque
570 3893 710 3959 nobilem
728 3892 950 3979 horridamque
968 3892 1141 3959 Thraciam

338 3987 536 4076 Propontida
554 3997 716 4054 trucemve
732 3986 902 4054 Ponticum
920 3987 1036 4064 sinum,
