2842 4386
629 262 797 322 CATULLI

613 454 816 522 LXXXVI.
927 483 930 489 ’

246 572 380 654 Quintia
397 572 537 638 formosa
554 583 603 640 est
619 574 736 651 multis,
754 572 833 637 mihi
850 573 994 651 candida,
1012 575 1121 663 longa,

287 677 375 733 recta
392 678 449 732 est.
494 667 573 732 haec
590 689 650 751 ego
669 668 714 733 sic
732 666 858 752 singula
877 668 1036 745 confiteor,

244 770 345 825 totum
363 759 442 823 illud
458 758 598 824 formosa
614 781 711 845 nego:
729 783 815 824 nam
832 760 921 824 nulla
938 772 1101 841 venustas,

286 853 374 917 nulla
390 853 423 921 in
443 864 508 917 tam
526 875 643 938 magno
661 865 707 917 est
726 875 857 937 corpore
875 853 957 918 mica
973 855 1059 930 salis,

165 969 184 1022 5
244 946 365 1013 Lesbia
382 947 520 1011 formosa
539 956 596 1022 est,
614 969 697 1030 quae
715 969 788 1011 cum
806 947 995 1031 pulcerrima
1013 958 1119 1024 totast,

286 1049 354 1104 tum
371 1041 518 1105 omnibus
536 1063 601 1104 una
618 1040 720 1105 omnis
739 1040 891 1124 surripuit
907 1043 1059 1108 Veneres.

592 1479 829 1577 umam.

242 1599 331 1680 Quid
347 1597 424 1663 facit
440 1597 478 1674 is,
499 1595 595 1675 Gelli,
614 1600 760 1682 quicum
777 1608 878 1664 matre
896 1610 992 1685 atque
1010 1623 1119 1668 sorore

265 1693 385 1778 prurit
404 1702 436 1758 et
453 1691 584 1756 abiectis
602 1693 771 1778 pervigilat
788 1693 921 1759 tunicis?

240 1786 319 1870 quid
336 1787 412 1851 facit
429 1786 467 1861 is,
486 1798 634 1871 patruum
652 1787 707 1869 qui
724 1808 788 1850 non
806 1786 880 1858 sinit
897 1809 967 1852 esse
984 1788 1156 1854 maritum?

285 1880 398 1963 ecquid
416 1880 477 1943 scis
495 1890 650 1963 quantum
668 1879 819 1965 suscipiat
836 1880 981 1945 sceleris?

162 2000 181 2052 5
243 1973 384 2057 suscipit,
403 1994 422 2035 ο
441 1971 536 2049 Gelli,
559 1983 713 2055 quantum
730 1995 795 2037 non
812 1973 924 2037 ultima
941 1973 1062 2058 Tethys

284 2088 344 2131 nec
361 2066 485 2151 genitor
501 2066 713 2151 nympharum
732 2067 833 2131 abluit
851 2065 1016 2132 Oceanus:

243 2182 317 2224 nam
335 2159 413 2223 nihil
431 2170 480 2224 est
496 2160 669 2243 quicquam
687 2161 823 2238 sceleris,
841 2183 904 2244 quo
922 2161 1055 2246 prodeat
1071 2162 1167 2240 ultra,

282 2275 346 2317 non
365 2252 392 2316 si
410 2253 548 2318 demisso
565 2255 685 2339 seipse
702 2264 792 2320 voret
810 2255 921 2338 capite.

605 2694 811 2760 LXXXIX.

241 2811 365 2878 Gellius
383 2823 431 2879 est
448 2814 566 2878 tenuis:
589 2814 735 2897 quidni?
757 2814 808 2879 cui
826 2823 890 2878 tam
907 2814 994 2879 bona
1010 2825 1112 2881 mater

283 2916 412 2990 tamque
430 2908 538 2972 valens
557 2906 643 2970 vivat
660 2918 790 2991 tamque
807 2918 941 2972 venusta
960 2929 1048 2973 soror

238 3010 367 3083 tamque
384 3001 487 3064 bonus
505 3011 637 3085 patruus
655 3011 783 3085 tamque
801 3000 907 3065 omnia
923 3001 1018 3086 plena
1034 3001 1152 3087 puellis

283 3094 436 3180 cognatis,
454 3116 553 3177 quare
570 3095 596 3158 is
615 3094 740 3159 desinat
761 3117 830 3160 esse
847 3096 972 3160 macer?

159 3203 179 3256 5
237 3186 293 3270 qui
311 3199 346 3250 ut
361 3186 439 3251 nihil
458 3187 602 3272 attingat,
619 3188 681 3253 nisi
700 3188 787 3271 quod
804 3189 853 3252 fas
871 3198 1002 3272 tangere
1020 3200 1163 3266 nonest,

281 3281 483 3365 quantumvis
502 3302 600 3365 quare
618 3282 657 3347 sit
675 3304 781 3348 macer
797 3281 949 3347 invenies.

665 3720 743 3788 XC.

235 3840 394 3906 Nascatur
411 3863 525 3926 magus
542 3863 582 3908 ex
600 3839 687 3908 Gelli
704 3841 877 3926 matrisque
892 3841 1032 3908 nefando

279 3934 427 4019 coniugio
445 3946 478 3999 et
495 3934 595 3999 discat
611 3934 777 4000 Persicum
795 3936 1001 4020 aruspicium:

234 4050 309 4093 nam
327 4049 441 4113 magus
459 4051 498 4093 ex
516 4039 617 4093 matre
635 4039 666 4095 et
682 4039 780 4112 gnato
797 4029 952 4115 gignatur
969 4038 1106 4116 oportet,
