2842 4386
593 202 709 258 LIBER

267 347 352 410 quae
370 332 405 390 tu
423 325 553 392 volebas
570 347 629 390 nec
645 326 753 411 puella
769 324 906 392 nolebat.
1008 355 1013 363 ·

270 420 387 486 fulsere
404 442 478 485 vere
496 418 622 484 candidi
639 419 696 484 tibi
713 419 806 485 soles,

268 514 432 585 nunciam
444 513 499 578 illa
510 535 575 578 non
588 513 671 578 vult:
685 523 722 578 tu
733 535 870 598 quoque,
879 513 1034 599 inpotens,
1044 518 1119 597 noli,

267 629 328 672 neo
346 629 429 690 quae
445 606 531 692 fugit
547 616 676 682 sectare,
694 628 754 671 neo
770 606 866 671 miser
884 605 966 684 vive,
1008 639 1011 643 ·
1178 623 1215 678 10

268 700 326 765 sed
343 701 500 765 obstinata
517 711 623 765 mente
640 700 754 784 perfer,
773 699 903 765 obdura.
1007 733 1009 736 >

269 794 350 870 vale,
368 795 484 879 puella.
518 793 582 859 iam
601 793 746 861 Catullus
763 793 908 870 obdurat,

268 909 329 952 nec
346 898 378 952 te
395 887 536 971 requiret
552 909 611 953 uec
628 887 755 972 rogabit
771 887 918 952 invitam:
1008 921 1012 926 ν

267 991 303 1045 at
319 991 355 1046 tu
372 980 503 1056 dolebis,
522 1003 596 1046 cum
612 980 774 1066 rogaberis
791 981 888 1045 nulla.

270 1074 413 1151 scelesta,
431 1097 490 1140 vae
506 1073 553 1140 tel
571 1096 654 1158 quae
671 1073 729 1138 tibi
746 1083 855 1138 manet
872 1072 951 1138 vital

268 1167 342 1250 quis
359 1189 444 1234 nunc
461 1178 492 1232 te
510 1167 629 1232 adibit?
646 1167 698 1232 oui
716 1167 872 1233 videberis
889 1166 993 1232 bella?

268 1281 366 1343 quem
382 1283 468 1327 nunc
485 1261 625 1325 amabis?
645 1261 735 1325 cuius
753 1282 822 1326 esse
840 1258 972 1325 diceris?

268 1375 366 1437 quem
383 1354 541 1420 basiabis?
558 1354 610 1419 cui
628 1354 744 1420 labella
760 1352 937 1418 mordebis?
1008 1388 1012 1392 ·

244 1503 247 1509 .
267 1457 303 1511 at
320 1458 366 1526 tu,
382 1445 522 1525 Catulle,
541 1448 715 1513 destinatus
733 1447 864 1513 obdura.

566 1636 736 1648 ——un

269 1913 401 1992 Verani,
418 1913 565 1978 omnibus
583 1934 601 1978 e
618 1912 697 1977 meis
715 1912 848 1993 amicis†

267 2008 423 2073 antistans
441 2007 519 2072 mihi
536 2007 664 2070 milibus
681 2007 840 2083 trecentis,

271 2102 426 2167 venistine
443 2102 572 2166 domum
590 2100 632 2165 ad
649 2109 720 2165 tuos
738 2111 869 2186 penates
1015 2169 1017 2173 ,

268 2195 447 2280 fratresque
463 2195 629 2261 unanimos
647 2216 807 2278 anumque
824 2195 977 2261 matrem?

270 2290 393 2355 venisti.
430 2313 449 2354 o
466 2289 544 2354 mihi
561 2288 664 2355 nuntii
682 2287 780 2354 beatil

271 2383 371 2448 risam
388 2393 420 2449 te
436 2382 627 2449 incolumem
644 2381 836 2466 audiamque
852 2383 1013 2450 Hiberum

268 2487 450 2542 narrantem
467 2478 547 2554 loca,
565 2477 661 2553 facta,
678 2477 832 2553 nationes,

272 2582 309 2635 ut
324 2592 393 2636 mos
411 2581 459 2636 est
477 2581 560 2648 tuus,
579 2569 804 2655 applicansque
821 2571 937 2636 collum

270 2664 447 2729 iucundum
464 2685 499 2729 os
517 2663 688 2747 oculosque
705 2663 861 2728 saviabor.

269 2778 292 2822 o
309 2766 463 2840 quantum
481 2766 529 2820 est
546 2755 709 2819 hominum
726 2755 914 2832 beatiorum,

270 2848 350 2934 quid
367 2870 420 2913 me
437 2848 550 2913 laetius
569 2857 618 2912 est
634 2846 817 2914 beatiusve?

630 3193 677 3260 X.

271 3317 379 3382 Varus
395 3333 447 3380 me
463 3335 554 3379 meus
571 3313 613 3377 ad
630 3332 704 3378 suos
722 3334 845 3379 amores

271 3408 376 3473 visum
393 3409 527 3473 duxerat
544 3429 562 3471 e
579 3408 649 3472 foro
667 3406 812 3482 otiosum,

271 3501 454 3578 seortillum,
471 3511 508 3565 ut
524 3500 601 3565 mihi
618 3511 687 3565 tum
703 3510 833 3586 repente
850 3499 993 3579 visumst,

272 3617 336 3660 non
354 3617 429 3660 sane
445 3594 618 3679 inlepidum
636 3615 739 3678 neque
757 3594 968 3661 invenustum.

274 3688 336 3754 huc
353 3698 389 3751 ut
405 3689 559 3764 venimus,
576 3687 714 3754 incidere
731 3687 823 3752 nobis

271 3803 432 3847 sermones
450 3780 539 3857 varii,
556 3781 590 3845 in
607 3781 733 3865 quibus,
750 3781 828 3866 quid
847 3793 930 3846 esset
999 3828 1003 3835 ·

272 3875 337 3940 iam
355 3873 515 3960 Bithynia,
533 3875 709 3957 quomodo
727 3898 761 3940 se
778 3875 919 3952 haberet,
999 3923 1003 3945 2

271 3989 447 4052 ecquonam
464 3966 542 4031 mihi
557 3967 726 4054 profuisset
744 3989 826 4041 aere.
