2842 4386
617 280 735 335 LIBER

250 400 278 465 si
296 424 371 466 vera
389 412 437 468 est
454 401 624 468 Persarum
643 402 730 487 inpia
746 402 878 487 relligio,

206 506 317 581 gratus
334 507 371 560 ut
388 499 517 582 accepto
536 507 703 561 veneretur
720 498 858 561 carmine
877 497 967 561 divos

250 601 414 656 omentum
431 591 464 654 in
483 591 611 656 flamma
628 590 982 675 pingueliquefaciens.

559 997 561 1001 ,
628 953 724 1021 XCI

44 1147 47 1158 Ι
164 1072 238 1136 Non
255 1072 338 1149 ideo,
359 1072 454 1149 Gelli,
473 1074 641 1158 sperabam
659 1084 690 1138 te
707 1073 785 1138 mihi
802 1073 902 1139 fidum
1020 1102 1022 1106 ·

209 1165 243 1229 in
260 1167 376 1232 misero
394 1166 455 1230 hcc
472 1178 591 1244 nostro,
609 1167 670 1231 hoc
687 1167 811 1252 perdito
830 1189 937 1232 amore
954 1167 1033 1244 fore,
1118 1225 1119 1228 ,
1138 1225 1140 1229 ⁴

165 1260 252 1342 quod
271 1270 302 1326 te
319 1282 527 1325 non—nossem
545 1260 627 1326 bene
645 1272 881 1326 constantemve
898 1271 1043 1346 putarem
1094 1309 1098 1319 .

209 1363 265 1417 aut
280 1375 374 1439 posse
391 1377 410 1418 a
428 1354 513 1439 turpi
530 1366 669 1418 mentem
687 1354 829 1421 inhibere
847 1355 974 1439 probro,
1016 1400 1017 1403 κ

165 1446 222 1511 sed
238 1468 343 1532 neque
360 1447 448 1530 quod
463 1457 598 1513 matrem
615 1469 675 1513 nec
691 1470 878 1532 germanam
896 1471 965 1513 esse
983 1447 1132 1513 videbam
1205 1460 1222 1514 5

209 1539 292 1604 banc
309 1540 368 1603 tibi
386 1540 476 1605 cuius
494 1561 546 1603 me
563 1562 699 1625 magnus
717 1540 834 1606 edebat
850 1562 949 1605 amor.

165 1644 197 1698 et
213 1633 359 1715 quamvis
378 1644 483 1698 tecum
501 1634 602 1697 multo
620 1635 831 1719 coniungerer
847 1657 919 1708 usu,

207 1748 272 1790 non
290 1726 366 1790 satis
383 1726 417 1790 id
435 1747 550 1790 causae
568 1726 764 1792 credideram
782 1749 851 1792 esse
869 1726 936 1790 tibi.

164 1831 199 1885 tn
218 1821 346 1886 satisid
364 1820 474 1885 duxti:
493 1832 616 1885 tantum
634 1821 692 1884 tibi
709 1817 867 1904 gaudium
880 1820 913 1884 in
932 1820 1018 1884 omni
1133 1826 1136 1832 '

207 1915 302 2000 culpa
320 1923 378 1992 est,
396 1913 431 1980 in
448 1935 649 1999 quacumque
668 1927 714 1980 est
732 1914 853 1999 aliquid
871 1914 1008 1980 sceleris.
1067 1972 1070 1976 .
1206 1928 1240 1982 10

616 2296 734 2362 XCII.

165 2416 287 2482 Lesbia
304 2416 348 2480 mi
366 2415 443 2481 dicit
459 2437 583 2501 semper
605 2416 687 2480 male
705 2438 765 2481 nec
783 2427 866 2482 tacet
883 2437 1034 2500 umquam
1072 2468 1073 2472 ,

210 2511 250 2575 de
267 2532 332 2574 me:
352 2508 474 2573 Lesbia
491 2531 542 2574 me
560 2508 739 2592 dispeream
757 2509 819 2574 nisi
837 2520 932 2573 amat.

167 2625 231 2686 quo
250 2603 362 2687 signo?
384 2602 460 2685 quia
477 2612 552 2666 sunt
569 2600 700 2665 totidem
717 2625 803 2667 mea:
822 2602 974 2687 deprecor
989 2602 1078 2668 illam

207 2696 347 2773 adsidue,
370 2718 480 2760 verum
498 2695 676 2780 dispeream
693 2693 755 2759 nisi
772 2716 854 2761 amo.
1129 2694 1132 2715 ²

611 3065 743 3131 XCIII.

161 3186 215 3252 Nil
233 3162 366 3249 nimium
383 3185 506 3262 studeo,
525 3158 654 3260 Caesar,
672 3163 731 3249 tibi
749 3184 831 3250 velle
847 3185 984 3269 placere,

205 3303 265 3345 nec
283 3280 363 3345 scire
379 3289 486 3344 utrum
503 3279 546 3343 sis
564 3278 656 3344 albus
675 3301 717 3343 an
735 3289 803 3343 ater
821 3278 925 3346 homo.

588 3482 759 3495 ῃ

609 3649 738 3716 XCIV.

173 3767 317 3834 Mentula
334 3767 529 3835 moechatur.
573 3769 757 3834 moechatur
773 3768 928 3834 mentula:
947 3779 1041 3837 certe.

205 3862 342 3939 locon,
359 3863 447 3946 quod
464 3863 583 3941 dicunt,
601 3863 671 3948 ipsa
688 3863 775 3927 clera
792 3863 854 3933 olla
871 3863 957 3948 legit.

594 4060 760 4073 ...ιιι-ιι..-

982 4151 1017 4204 ᾗ*
