2842 4386
233 233 277 301 60
661 247 832 306 drumm

231 379 288 434 aut
303 368 383 434 nihil
399 380 456 435 aut
472 371 581 456 paullo
599 371 651 436 cui
669 382 737 436 tum
755 372 929 438 concedere
947 371 1046 457 digna
1082 384 1086 389 ’

274 464 331 529 lux
349 486 420 530 mea
438 487 472 530 se
489 475 632 530 nostrum
650 466 782 530 contulit
799 467 833 530 in
849 466 1017 552 gremium,

233 578 330 641 quam
348 559 598 624 circumcursans
617 559 691 624 hinc
708 559 795 626 illinc
813 582 908 645 saepe
927 560 1059 646 Cupido
1104 597 1109 607 ·

275 653 420 739 fulgebat
437 653 564 719 crocina
581 655 735 719 candidus
752 654 786 719 in
803 655 920 720 tunica.

163 761 215 816 135
232 767 314 830 quae
332 757 440 813 tamen
457 748 517 811 etsi
534 770 597 812 uno
616 770 680 813 non
699 758 747 813 est
764 759 912 814 contenta
930 747 1072 827 Catullo,

274 865 347 906 rara
364 842 563 908 verecundae
580 843 666 907 furta
683 842 821 908 feremus
840 865 923 919 erae,

232 956 272 999 ne
290 935 424 999 nimium
442 936 541 999 simus
559 937 727 1000 stultorum
746 957 834 1001 more
852 936 987 1002 molesti.

276 1051 372 1113 saepe
391 1029 486 1094 etiam
504 1029 597 1106 luno,
614 1030 754 1094 maxima
772 1029 969 1106 caelicolum,

233 1122 376 1208 coniugis
395 1122 428 1186 in
448 1123 542 1206 culpa
559 1123 748 1207 flagrantem
765 1123 909 1187 contudit
924 1123 1016 1198 iram,

163 1230 216 1286 140
273 1237 407 1280 noscens
426 1215 576 1279 omnivoli
593 1210 730 1300 plurima
746 1215 833 1279 furta
849 1215 948 1280 Iovis.

232 1308 320 1391 atqui
337 1331 397 1374 nec
414 1309 495 1373 divis
512 1308 655 1373 homines
674 1308 849 1394 conponier
867 1319 1038 1393 aequumst

274 1587 436 1674 ingratum
452 1589 580 1654 tremuli
598 1589 671 1654 tolle
690 1588 829 1674 parentis
848 1610 939 1653 onus.

232 1703 293 1746 nec
310 1692 417 1747 tamen
434 1681 490 1746 illa
508 1682 584 1747 mihi
603 1683 716 1747 dextra
733 1682 871 1747 deducta
888 1691 1022 1766 patema

275 1776 470 1861 fragrantem
487 1777 622 1861 Assyrio
640 1776 728 1852 venit
745 1776 841 1841 odore
859 1776 1002 1854 domum,

164 1885 216 1940 145
232 1869 289 1935 ssd
307 1870 426 1934 furtiva
444 1870 531 1935 dedit
548 1893 619 1934 rara
636 1871 826 1933 munuscula
843 1880 947 1946 nocte,

274 1963 374 2047 ipsius
393 1986 433 2028 ex
451 1963 522 2048 ipso
540 1963 669 2048 dempta
685 1963 745 2026 viri
761 1962 894 2047 gremio.

234 2078 331 2139 quare
347 2056 427 2120 illud
445 2057 520 2121 satis
539 2067 596 2133 est,
614 2058 641 2120 si
659 2055 750 2120 nobis
768 2056 795 2120 is
813 2056 907 2119 datur
924 2054 996 2119 unis

276 2172 372 2233 quem
388 2150 494 2235 lapide
511 2151 564 2215 illa
582 2150 666 2215 diem
684 2149 865 2214 candidiore
883 2159 983 2214 notat.

234 2335 296 2400 hoo
313 2337 371 2400 tibi
390 2359 453 2420 quo
471 2336 560 2422 potui
579 2337 760 2402 confectum
778 2336 917 2401 carmine
936 2357 1054 2401 munus

166 2447 218 2501 150
277 2453 335 2516 pro
353 2432 470 2506 multis,
488 2431 566 2507 Alli,
584 2431 726 2496 redditur
743 2431 866 2507 officiis,

234 2548 275 2590 ne
292 2536 432 2589 vestrum
451 2525 563 2590 scabra
581 2534 694 2610 tangat
709 2524 853 2609 robigine
872 2547 989 2590 nomen

277 2619 356 2683 haec
374 2630 469 2702 atque
486 2619 541 2683 illa
559 2619 626 2683 dies
644 2629 739 2700 atque
758 2618 820 2682 alia
837 2628 933 2701 atque
951 2617 1024 2682 alia.

234 2712 297 2777 huo
314 2713 432 2778 addent
448 2712 515 2777 divi
531 2734 627 2795 quam
646 2712 782 2797 plurima
799 2734 888 2794 quae»
899 2711 1030 2777 Themis
1050 2711 1129 2777 olim

277 2807 415 2889 antiquis
434 2807 525 2873 solita
542 2816 591 2871 est
607 2829 740 2872 munera
757 2806 840 2870 ferre
857 2805 928 2890 piis.

166 2913 217 2969 155
234 2900 302 2965 sitis
319 2900 428 2965 felices
447 2911 478 2966 et
495 2911 530 2964 tu
549 2901 641 2965 simul
660 2911 692 2964 et
710 2911 764 2964 tna
782 2900 857 2976 vita,

277 3005 310 3060 et
326 2994 439 3058 domus
456 2995 525 3079 ipsa
542 2994 657 3077 inqua
674 2993 818 3070 lusimus,
836 3004 868 3058 et
886 2992 1024 3069 domina,

193 3117 196 3123 ·
234 3088 338 3170 etqui
356 3109 452 3170 quam
470 3089 571 3172 primo
588 3088 680 3152 nobis
700 3098 815 3152 terram
833 3086 920 3151 dedit
938 3085 1054 3164 aufert,

276 3205 296 3245 a
312 3203 376 3264 quo
395 3192 469 3246 sunt
486 3183 589 3267 primo
606 3191 674 3245 tum
693 3182 799 3245 omnia
815 3191 891 3245 nata
907 3180 1003 3256 bona,

234 3284 266 3340 et
282 3275 376 3361 longe
394 3288 467 3342 ante
485 3298 596 3341 omnes
611 3276 690 3340 mihi
708 3297 790 3358 quae
807 3297 859 3338 me
877 3274 980 3339 carior
997 3274 1112 3360 ipsost‚

166 3383 217 3438 160
276 3369 332 3433 lux
349 3392 432 3447 mea,
450 3390 515 3454 qua
532 3370 606 3434 viva
623 3370 730 3434 vivere
748 3369 840 3434 dulce
858 3367 976 3433 mihist.

661 3602 830 3612 ----

678 3795 811 3874 LXIX.

231 3931 307 3996 Noli
324 3902 482 4007 admirari,
500 3951 598 4013 quare
616 3929 674 3994 tibi
691 3929 809 3994 femina
825 3928 924 4006 nulla,

274 4025 370 4099 Rufe,
388 4024 464 4091 velit
482 4034 624 4093 tenerum
642 4023 855 4109 supposuisse.
865 4023 981 4100 femur,
