2842 4386
322 979 591 1063 cliuum
626 917 1022 1068 vuucuuusls'

566 1232 776 1304 LIBER.

657 1497 685 1563 Ι.

329 1614 421 1706 Quoi
432 1622 516 1690 donc
532 1623 675 1710 lepidum
691 1647 811 1690 novum
827 1626 981 1714 libellum,
1027 1617 1031 1634 '¹

328 1716 417 1782 arida
434 1717 529 1781 modo
547 1717 674 1802 pumice
693 1718 886 1802 expolitum?

331 1807 471 1886 Comeli,
489 1810 560 1875 tibi:
578 1831 716 1894 namque
734 1823 770 1875 tu
787 1812 911 1877 solebas
1025 1823 1029 1890 ζ

328 1925 415 1969 meae
433 1926 502 1970 esse
520 1903 639 1988 aliquid
655 1914 767 1989 putare
784 1927 888 1991 nugas

327 1997 391 2062 iam
409 2009 477 2063 tum
495 2019 568 2063 cum
586 2020 682 2063 ausus
700 2020 734 2063 es
751 2020 835 2062 unus
851 1997 1005 2063 Italorum

328 2112 421 2156 omne
438 2113 552 2157 aevum
570 2092 672 2156 tribus
691 2087 850 2177 explicare
867 2092 994 2169 chartis,

329 2183 440 2261 doctis,
456 2183 609 2270 Iuppiter,
628 2196 660 2250 et
676 2185 852 2250 laboriosis.
1023 2178 1026 2183 ’

328 2298 426 2361 quare
444 2277 526 2342 habe
543 2278 602 2342 tibi
617 2278 774 2362 quidquid
791 2278 851 2343 hcc
868 2277 978 2357 libelli,
1019 2288 1024 2364 ζ

328 2371 559 2455 qualecumque
576 2380 643 2449 tuo,
660 2384 802 2456 patrone,
820 2372 919 2461 verbu
963 2376 966 2383 '
1021 2375 1024 2383 '

328 2464 401 2556 plus
418 2487 482 2530 uuo
500 2475 627 2530 maneat
643 2487 782 2550 perenne
800 2458 913 2530 saeclo.

647 2885 693 2950 11.

327 3013 455 3090 Passer,
473 3013 603 3080 deliciae
621 3035 712 3079 meae
729 3014 864 3099 puellae,

327 3108 457 3191 quicum
473 3107 593 3184 ludere,
612 3129 707 3191 quem
724 3107 757 3171 in
775 3109 846 3172 sinu
864 3118 981 3185 tenere,

328 3200 406 3293 quoi¹
420 3200 558 3285 primum
577 3200 711 3286 digitum
729 3200 806 3266 dare
823 3201 983 3288 adpetenti

328 3303 360 3358 et
376 3293 456 3360 acris
474 3294 554 3360 solet
570 3294 701 3360 incitare
719 3316 854 3373 moruus,

327 3408 402 3452 cum
419 3387 573 3452 desiderio
590 3409 662 3453 meo
679 3388 792 3454 nitenti

329 3501 438 3544 carum
454 3480 561 3546 nescio
579 3481 655 3565 quid
673 3481 751 3546 libet
767 3479 863 3546 iocari

327 3576 382 3654 †et
399 3573 582 3639 solaciolum
600 3575 649 3638 sui
667 3574 795 3651 doloris,

327 3666 422 3731 credo
440 3667 486 3731 uti
504 3667 610 3752 gravis
628 3667 811 3751 adquiescat
829 3664 932 3745 ardor,
1052 3751 1055 3757 1

327 3769 433 3825 tecum
450 3759 560 3825 ludere
578 3759 660 3825 sicut
677 3761 888 3847 ipsc-possem

329 3862 361 3920 ct
378 3852 474 3919 tristis
492 3853 588 3919 animi
605 3855 711 3919 levare
728 3853 834 3920 curcul

580 4040 750 4053 -n———q-
