2842 4386
597 218 826 262 Pnomsorfflrsa
1193 217 1257 261 cv11

163 339 278 396 cisoum
294 336 509 397 Buechelcrum
531 357 585 416 per
606 338 763 417 epistulam
780 356 816 396 ea
833 335 871 396 de
892 355 924 396 re
942 336 1085 410 consului,
1108 340 1161 417 qui
1182 337 1257 396 mihi

163 441 199 481 se
216 422 298 482 idem
317 426 426 482 sentire
444 423 596 500 respondit
618 422 793 501 addiditque
810 422 868 481 sibi
885 442 1057 501 persuasum
1075 441 1138 482 esse
1156 421 1257 482 Catul-

164 506 229 565 lum
245 527 306 566 non
324 511 475 586 scripsisse
492 510 568 565 iudei
584 515 613 567 et
630 508 747 580 similia,
767 507 960 586 eundemque,
979 527 1047 566 cum
1059 528 1102 565 zm
1118 510 1152 566 in
1168 510 1255 566 initio

162 592 290 667 Zmyrna
313 595 443 652 nominis
464 595 617 670 posuisset,
644 593 723 672 quod
745 591 865 672 quidem
885 592 943 651 sibi
965 600 1076 652 certum
1096 591 1255 665 videretur,

166 678 221 734 vix
239 681 339 756 putari
355 697 441 756 posse
458 697 519 736 non
537 698 597 736 una
615 679 753 737 comisto
772 698 788 734 n
807 679 895 736 etiam
912 698 934 755 y
951 672 1080 736 litteram
1096 680 1255 755 recepiss03

164 781 219 840 pro
247 781 307 840 qua
338 783 406 820 cum
437 764 470 820 in
496 781 629 822 sermone
659 762 775 842 plebeio
802 782 821 818 u
852 762 958 821 soleret
984 782 1078 841 usque
1108 762 1254 835 substitui,

167 845 257 905 facile
282 846 348 906 fieri
373 850 504 925 potuisse
525 855 559 907 ut
579 848 650 906 hinc
672 867 708 906 ea
733 847 833 907 littera
856 847 988 907 Graecae
1013 847 1078 907 loco
1100 867 1201 906 rursus
1221 850 1256 906 in

164 938 299 990 veterum
317 931 432 991 codices
449 935 599 1008 irreperet.

225 1016 337 1076 Textui
364 1016 438 1077 duos
467 1017 582 1076 indices
609 1017 730 1090 subieci,
762 1017 887 1076 alterum
912 1018 1067 1077 nominum
1093 1024 1123 1076 et
1147 1036 1254 1091 rerum,

163 1099 292 1160 alterum
317 1105 549 1178 grammaticum.
593 1104 624 1160 in
652 1102 759 1182 quibus
781 1122 869 1161 voces
896 1101 1064 1182 formasque
1087 1105 1256 1162 coniectura

164 1190 315 1245 restitutas
338 1186 375 1245 ab
403 1189 445 1246 eis
471 1206 545 1265 quas
573 1186 688 1246 codices
713 1187 835 1246 tradunt
864 1185 995 1260 distinxi,
1027 1189 1070 1245 ita
1095 1195 1197 1246 tamen
1222 1194 1257 1246 ut

163 1271 312 1349 simplices
339 1271 512 1331 mendorum
538 1290 614 1351 quae
640 1276 673 1331 in
698 1272 745 1331 bis
771 1275 874 1331 insunt
900 1272 1094 1332 correctiones
1116 1274 1176 1331 iam
1197 1273 1257 1350 pri·

127 1389 130 1392 ·
165 1353 235 1424 dem
257 1355 351 1415 factas
373 1364 403 1415 et
424 1357 463 1416 ab
485 1357 620 1416 omnibus
643 1356 783 1436 deinceps
805 1356 967 1417 editoribus
994 1364 1127 1436 receptas
1153 1365 1256 1418 notare

162 1441 394 1518 supersederem.

227 1527 412 1585 Recensione
433 1526 538 1585 borum
560 1531 724 1586 carminum
751 1525 803 1586 diu
825 1525 963 1586 absoluta
983 1534 1014 1585 et
1037 1525 1255 1605 prolegomenis

162 1629 282 1689 quoque
312 1613 443 1669 maxima
473 1630 511 1670 ex
541 1619 625 1689 parte
657 1614 829 1689 conscriptis
855 1609 1024 1670 Alexandri
1049 1613 1158 1682 Riesii,
1188 1618 1256 1690 post

163 1694 289 1754 Aemilii
301 1695 475 1755 Baehrensii
488 1698 521 1754 in
537 1695 687 1755 Catullum
701 1698 927 1756 commentarius
940 1695 979 1754 ad
992 1714 1040 1753 me
1056 1695 1188 1774 perlatus
1201 1703 1255 1755 est.

164 1778 311 1838 Ludoviei
333 1779 483 1840 Schwabii
505 1801 584 1839 nova
610 1788 713 1858 poetae
734 1781 915 1840 Veronensis
937 1782 1100 1856 recognitio
1123 1780 1256 1840 Berolini

162 1884 191 1924 a.
208 1866 289 1923 1886
308 1868 415 1924 emissa
433 1866 465 1924 in
478 1885 583 1924 manus
596 1885 677 1924 meas
695 1867 838 1944 pervenit,
858 1885 925 1925 oum
942 1867 975 1923 in
989 1883 1023 1924 eo
1037 1872 1114 1924 esset
1127 1872 1160 1923 ut
1176 1864 1257 1923 bane

162 1948 325 2011 editionem
341 1954 422 2030 typis
441 1949 666 2012 describendam
683 1970 824 2011 curarem.
