2842 4386
669 256 839 316 cATULLI

454 399 495 442 ne
513 376 567 441 diu
585 387 688 444 taceat
708 403 827 465 procax

518 472 700 537 fescennina
717 474 842 554 iocatio,

516 588 576 630 nec
592 589 690 632 nuces
707 569 814 653 pueris
831 583 928 656 neget

455 658 614 723 desertum
637 661 756 725 domini
779 664 909 730 audiens

517 753 713 829 concubinus
731 778 881 823 amorem.

454 921 495 986 da
511 944 610 987 nuces
628 925 744 1009 pueris,
762 925 846 992 iners

516 1017 706 1082 concubine:
730 1019 805 1084 satis
824 1021 879 1084 diu

516 1111 618 1177 lusisti
636 1112 786 1190 nucibus:
809 1115 898 1179 lubet

451 1203 515 1268 iam
534 1205 651 1270 servire
669 1205 808 1271 Talasio.

515 1298 701 1376 concubine,
718 1322 816 1366 nuces
835 1301 885 1368 da.

452 1467 623 1532 sordebant
640 1470 698 1534 tibi
716 1470 838 1548 vilicae,

515 1563 701 1639 concubine,
718 1563 813 1629 hodie
830 1575 926 1647 atque
944 1565 1028 1632 heri:

513 1677 599 1719 nunc
616 1669 706 1720 tuum
725 1657 897 1722 cinerarius

451 1750 560 1812 tondet
577 1771 623 1814 os.
667 1750 762 1816 miser
779 1775 799 1815 a
816 1751 912 1816 miser

515 1843 702 1921 concubine,
720 1866 818 1909 nuces
837 1844 890 1910 da.

450 2012 562 2077 diceris
581 2013 663 2078 mele
683 2023 715 2079 te
733 2037 752 2078 a
769 2014 832 2078 tuis

514 2118 710 2191 unguentate
727 2108 847 2193 glabris
864 2108 978 2175 marite

513 2200 684 2266 abstinere:
703 2201 759 2267 sed
778 2202 911 2267 abstine.

449 2314 468 2357 o
486 2293 615 2378 Hymen
635 2295 821 2378 Hymenaee
839 2297 879 2370 ic,

511 2409 530 2451 o
547 2389 678 2472 Hymen
695 2391 893 2475 Hymenaee.

447 2557 564 2622 scimus
581 2557 661 2624 haec
678 2559 736 2624 tibi
753 2580 836 2642 quae
853 2559 950 2624 licent

510 2652 578 2716 sola
596 2653 740 2736 cognita:
760 2653 818 2717 sed
835 2653 950 2718 marito

509 2745 571 2808 ista
587 2767 651 2809 non
671 2745 780 2810 eadem
799 2746 906 2811 licent,

445 2859 465 2902 o
482 2839 613 2922 Hymen
629 2839 818 2924 Hymenaee
835 2840 877 2916 i0,

509 2953 528 2995 o
545 2933 676 3016 Hymen
694 2935 892 3017 Hymenaee.

445 3112 554 3186 nupta,
573 3112 607 3166 tu
626 3123 765 3185 quoque,
784 3123 866 3185 quae
883 3112 958 3167 tuus

509 3196 557 3258 vir
574 3206 670 3280 petet,
690 3216 767 3260 cave
785 3218 825 3259 ne
842 3219 953 3282 neges,

508 3288 541 3351 ni
557 3289 689 3373 petitum
709 3289 835 3354 aliunde
854 3301 914 3354 eat.

444 3403 463 3446 o
480 3383 610 3466 Hymen
627 3384 815 3467 Hymenaee
832 3383 874 3459 io,

507 3498 527 3539 o
544 3477 675 3560 Hymen
692 3478 891 3561 Hymenaee

444 3677 483 3718 en
500 3654 559 3718 tibi
576 3654 689 3718 domus
707 3666 744 3719 ut
760 3665 873 3739 potens

507 3758 539 3810 et
554 3746 650 3810 beata
666 3746 726 3811 viri
743 3747 803 3811 tui:

508 3860 590 3921 quae
608 3839 666 3902 tibi
684 3840 750 3903 sine
768 3839 885 3904 serviat

404 3973 408 3981 ·
443 3936 474 4012 (o
492 3933 622 4017 Hymen
639 3934 828 4017 Hymenaee
846 3932 886 4010 io,

507 4047 526 4088 o
543 4027 672 4111 Hymen
692 4027 903 4111 Hymenaee),
