2842 4386
640 215 809 274 CATULLI

276 350 332 406 aut
348 338 475 426 pinguis
493 337 618 404 Umber
636 350 690 404 aut
708 340 824 406 obesus
842 337 1015 408 Etruscus:
1045 363 1048 369 ⁴
1125 359 1135 388 Ἰ

276 445 331 500 aut
347 434 537 499 Lanuvinus
555 444 623 499 ater
640 443 737 516 atque
755 434 901 500 dentatus

277 539 334 594 aut
349 528 607 613 Transpadanus,
626 536 663 591 ut
679 549 768 593 meos
785 549 919 613 quoque
933 528 1108 614 attingam,
1118 554 1130 628 A:

168 638 194 678 ¹·
276 634 333 688 aut
349 621 405 706 qui
422 622 512 685 lubet
528 621 583 704 qui
600 621 721 707 puriter
737 622 815 687 lavit
833 622 955 698 dentes,
1001 672 1003 677 .

277 728 383 781 tamen
401 715 544 781 renidere
562 737 662 799 usque
680 737 808 799 quaque
824 727 855 782 te
873 717 1006 781 nollem:
1033 743 1035 749 ·
1126 783 1129 790 ,

276 834 351 876 nam
368 810 433 874 risu
449 810 557 895 inepto
575 826 625 874 res
641 809 780 894 ineptior
794 810 921 877 nullast

276 926 361 969 nunc
379 902 522 968 Celtiber
538 924 589 967 es:
612 901 784 969 Celtiberia
800 903 834 967 in
851 914 945 981 terra,

277 998 363 1082 quod
380 999 516 1080 quisque
533 997 655 1074 minxit,
673 996 735 1062 boo
753 997 814 1061 sibi
831 999 913 1063 solet
928 1020 1024 1063 manc
1095 1031 1099 1041 ·

167 1119 171 1135 ·
190 1096 193 1106 '
277 1092 405 1157 dentem
422 1100 518 1173 atque
535 1113 660 1155 russam
678 1091 833 1156 defricare
850 1091 1025 1177 gingivam,
1127 1115 1130 1125 ¹

279 1195 316 1250 ut
333 1208 397 1268 quo
414 1185 474 1250 iste
491 1193 598 1249 vester
613 1185 782 1269 expolitior
799 1184 878 1251 dens
895 1195 953 1262 est,

277 1279 339 1345 hoc
356 1288 388 1344 te
405 1278 543 1364 amplius
560 1277 679 1344 bibisse
698 1279 860 1364 praedicet
875 1278 958 1344 loti·

686 1593 765 1659 XL.

359 1713 527 1797 Quaenam
545 1725 576 1779 te
593 1713 678 1779 mala
694 1736 795 1790 mens,
814 1712 934 1778 miselle
953 1709 1087 1790 Ravide,

358 1811 426 1895 agit
441 1809 646 1895 praecipitem
663 1809 697 1872 in
714 1831 802 1872 meos
819 1809 961 1873 iambos?

359 1904 431 1987 quis
455 1904 533 1967 deus
552 1902 610 1966 tibi
625 1922 691 1967 non
708 1902 789 1967 bene
807 1903 980 1967 advocatus

359 1997 526 2061 vecordem
544 2006 636 2082 parat
653 1995 791 2062 excitare
808 1996 929 2060 rixam?
959 2026 962 2034 ¹

362 2089 419 2176 [an
435 2100 471 2154 ut
489 2090 656 2179 pervenias
673 2089 707 2153 in
725 2112 780 2154 ora
797 2087 920 2175 vulgil]

360 2183 522 2267 quidvis?
544 2205 608 2266 qua
624 2183 713 2248 lubet
731 2206 800 2248 esse
819 2194 913 2248 notus
931 2181 1041 2270 optas?
1107 2228 1129 2248 ·.

360 2278 432 2352 eris,
450 2276 709 2360 quandoquidem
726 2298 815 2342 meos
832 2299 955 2342 amores

360 2354 433 2434 cum
450 2370 547 2456 longa
564 2370 691 2435 voluisti
709 2393 816 2437 amare
834 2393 947 2458 poena.
974 2363 978 2419 Ϊ

607 2730 612 2741 .
676 2683 773 2750 XLI.

385 2805 538 2872 Ametina
554 2805 662 2891 puella
679 2804 825 2868 defututa

385 2910 452 2965 tota
468 2899 555 2964 milia
572 2922 623 2964 me
641 2899 752 2964 decem
769 2896 925 2983 poposcit,

384 2993 445 3058 ista
463 2991 619 3078 turpiculo
636 2992 744 3078 puella
759 3013 847 3067 naso,

385 3086 559 3153 decoctoris
577 3086 679 3151 amica
695 3085 868 3151 Formiani.

385 3178 564 3264 propinqui,
583 3179 698 3262 quibus
717 3189 765 3244 est
781 3178 887 3263 puella
906 3199 1009 3254 curae,

386 3264 504 3338 amicos
521 3273 724 3357 medicosque
742 3281 928 3336 convocate:

385 3389 448 3432 non
467 3378 515 3432 est
532 3390 609 3431 sana
626 3367 742 3452 puella.
785 3388 844 3431 nec
862 3374 983 3449 rogate,

384 3461 487 3546 qualis
504 3461 558 3526 sit:
577 3460 675 3525 solide
694 3471 742 3524 est
758 3459 943 3546 imaginosa

669 3783 783 3848 XLII.

346 3858 350 3863 ·
385 3902 516 3980 Adeste,
535 3901 800 3987 hendecasyllabi,
819 3910 897 3984 quot
914 3900 989 3966 estis
1052 3952 1054 3957 .

386 4017 497 4063 omnes
516 3996 666 4082 undique,
685 4006 841 4081 quotquot
858 3994 932 4060 estis
950 4014 1071 4060 omnes.
