2842 4386
556 261 672 315 LIBER

315 380 450 449 claudite
469 383 558 459 ostia,
576 383 729 469 virgines:

377 477 510 542 lusimus
529 477 614 541 satis.
658 487 700 553 at,
718 476 794 540 boni

378 573 539 656 coniuges,
556 573 639 637 bene
657 572 753 636 vivite
771 581 804 636 et

312 688 443 731 munere
461 666 592 730 adsidue
610 666 767 731 valentem
862 742 865 746 Ι

378 771 522 825 exercete
539 760 712 824 iuventam.

550 1395 663 1459 LXII.

142 1513 267 1597 Vesper
284 1512 387 1577 adest:
409 1512 551 1589 iuvenes,
570 1514 765 1599 consurgite:
789 1513 914 1600 Vesper
932 1512 1073 1602 Olympo

143 1616 310 1691 expectata
328 1607 381 1670 diu
400 1608 452 1670 vix
469 1608 597 1671 tandem
615 1607 737 1671 lumina
754 1607 844 1671 tollit.

144 1721 273 1785 surgere
291 1700 354 1763 iam
372 1709 508 1784 tempus,
526 1701 589 1763 iam
607 1700 734 1784 pinguis
752 1701 895 1783 linquere
912 1723 1052 1766 mensas:

142 1793 206 1856 iam
224 1794 328 1857 veniet
347 1793 447 1878 virgo,
466 1793 529 1856 iam
548 1793 670 1857 dicetur
687 1794 905 1876 Hymenaeus.

143 1888 274 1971 Hymen
292 1908 311 1950 o
329 1887 526 1970 Hymenaee,
545 1887 675 1970 Hymen
693 1886 768 1950 ades
787 1908 805 1949 o
823 1887 1020 1972 Hymenaee.
1136 1900 1154 1953 5

142 2070 278 2148 cernitis,
295 2071 456 2158 innuptae,
475 2073 625 2137 iuvenes?
647 2073 828 2157 consurgite
846 2085 964 2139 contra.

141 2164 290 2229 nimirum
310 2163 449 2231 Oetaeos
468 2166 604 2231 ostendit
621 2165 765 2231 Noctifer
782 2166 884 2252 ignes.

142 2256 188 2322 sic
205 2267 332 2324 certest:
354 2258 448 2324 viden
463 2253 502 2323 'ut
519 2258 689 2344 perniciter
706 2259 864 2325 exiluere?

141 2373 205 2416 non
223 2362 340 2417 temere
359 2353 511 2418 exiluere:
535 2363 649 2418 canent
667 2353 753 2436 quod
771 2354 898 2419 vincere
916 2376 974 2438 par
991 2366 1048 2421 est.

141 2445 271 2530 Hymen
289 2468 307 2509 o
325 2447 523 2530 Hymenaee,
542 2447 670 2530 Hymen
690 2447 764 2510 ades
783 2469 802 2510 o
821 2447 1018 2532 Hymenaee.
1134 2462 1168 2516 10

141 2653 205 2696 non
223 2631 325 2697 facilis
342 2632 444 2707 nobis,
463 2632 621 2714 aequales,
639 2631 745 2715 palma
762 2642 917 2717 paratust:

142 2725 305 2811 adspicite,
322 2725 473 2809 innuptae
491 2746 599 2788 secum
617 2735 653 2787 ut
669 2725 821 2788 meditata
838 2727 1013 2808 requirunt.

139 2840 205 2883 non
221 2818 338 2882 frustra
355 2818 560 2882 meditantur:
580 2816 697 2881 habent
711 2818 915 2883 memorabile
929 2821 1015 2903 quod
1032 2822 1081 2886 sit.

140 2932 199 2976 neo
217 2911 341 2986 mirum,
360 2911 485 2994 penitus
502 2931 585 2992 quae
603 2920 668 2973 tota
686 2919 792 2974 mente
808 2910 963 2976 laborant.

139 3026 197 3069 nos
216 3004 277 3068 alio
295 3016 426 3079 mentes,
445 3004 506 3067 alio
525 3003 688 3066 divisimus
706 3026 812 3067 aures:
1132 3021 1167 3075 15

139 3098 207 3163 iure
224 3097 324 3183 igitur
339 3097 516 3162 vincemur:
535 3107 621 3160 amat
638 3090 770 3161 victoria
787 3119 905 3161 curam.

139 3213 237 3275 quare
254 3213 339 3255 nunc
357 3190 476 3254 animos
495 3190 606 3254 saltem
625 3190 795 3255 convertite
813 3201 948 3256 vestros:

139 3286 243 3351 dicere
260 3284 324 3348 iam
341 3284 501 3369 incipient,
520 3285 583 3347 iam
601 3284 791 3369 respondere
810 3284 943 3349 decebit.

139 3382 269 3465 Hymen
287 3400 305 3442 o
323 3379 520 3463 Hymenaee,
539 3378 669 3462 Hymen
687 3378 763 3442 ades
781 3399 800 3442 o
822 3379 1021 3463 Hymenaee.

137 3568 293 3650 Hespere,
312 3564 366 3647 qui
384 3565 471 3629 caelo
489 3565 588 3629 fertur
606 3563 762 3628 crudelior
777 3563 880 3650 ignis?

137 3660 192 3743 qui
209 3669 316 3722 natam
333 3658 436 3743 possis
454 3658 610 3742 conplexu
628 3658 763 3722 avellere
781 3658 899 3735 matris,

138 3753 295 3836 conplexu
313 3750 421 3814 matris
437 3751 624 3815 retinentem
643 3750 777 3815 avellere
794 3760 913 3827 natam,

137 3856 169 3911 et
185 3843 293 3909 iuveni
312 3844 434 3909 ardenti
451 3854 571 3908 castam
589 3844 706 3907 donare
722 3844 870 3929 puellam.

136 3938 214 4022 quid
231 3937 352 4003 faciunt
370 3936 475 4001 hostes
494 3947 587 4020 capta
604 3935 762 4001 crudelius
781 3936 878 4001 urbe?

137 4033 267 4117 Hymen
285 4053 304 4096 o
323 4032 520 4115 Hymenaee,
538 4031 667 4114 Hymen
688 4029 763 4093 ades
782 4051 801 4093 o
819 4030 1016 4114 Hymenaee.
1129 4044 1163 4099 25
