2842 4386
175 499 194 552 5

176 2139 196 2195 5

639 266 807 326 OATULLI

380 413 466 456 nuno
482 391 516 456 in
534 387 707 475 quadriviis
725 402 758 456 et
774 384 948 477 angiportis
1047 383 1060 421 ²

381 485 485 571 glubit
502 482 722 570 magnanimos
739 484 832 549 Remi
848 494 992 570 nepotes.
1056 528 1060 535 -

674 812 771 880 LIX.

339 934 549 1000 Bononiensis
566 934 639 998 rufa
655 933 778 999 Rufum
794 934 827 998 io
844 933 943 1009 fellat,
1048 998 1050 1003 .

342 1050 423 1092 uxor
440 1029 583 1105 Meneni,
601 1049 696 1113 saepe
715 1049 811 1110 quam
828 1027 862 1091 in
882 1026 1068 1112 sepuleretis

340 1122 462 1186 vidistis
480 1123 549 1206 ipso
566 1143 678 1206 rapere
696 1120 735 1185 de
753 1113 831 1205 rogo
849 1143 971 1197 cenam,

341 1237 414 1281 oum
433 1217 617 1281 devolutum
635 1237 675 1280 ex
693 1215 767 1298 igne
785 1236 979 1299 prosequens
996 1236 1115 1303 panem

340 1308 381 1374 ab
400 1309 549 1376 semiraso
567 1306 752 1373 tunderetur
768 1317 885 1374 ustore.

682 1639 759 1704 LX.
841 1657 842 1660 ’

338 1758 427 1824 Num
445 1768 476 1824 te
493 1759 605 1824 leaena
621 1758 782 1824 montibus
805 1756 982 1842 Libystinis

340 1865 395 1917 aut
413 1851 522 1937 Soylla
538 1853 657 1918 latrans
674 1851 784 1917 infima
801 1851 968 1937 inguinum
985 1860 1077 1937 parte

339 1956 405 2027 tam
422 1955 528 2010 mente
546 1944 625 2010 dura
640 1945 820 2032 procreavit
837 1968 874 2009 ao
891 1955 1003 2022 taetra,

338 2048 376 2102 ut
393 2038 543 2123 supplicis
561 2060 672 2103 vocem
689 2038 723 2102 in
740 2037 912 2103 novissimo
930 2060 1007 2122 casu
1049 2094 1051 2099 ,

341 2141 554 2215 contemptam
571 2130 715 2207 haberes,
733 2152 762 2205 a,
780 2130 873 2195 nimis
891 2130 960 2196 fero
977 2126 1097 2196 eorde?

674 2459 770 2526 LXI.

427 2578 527 2646 Collis
545 2601 564 2644 o
582 2580 742 2645 Heliconii

489 2675 599 2752 cultor,
616 2670 760 2740 Uraniae
779 2697 891 2761 genus,
1052 2748 1054 2753 Ι

489 2767 545 2851 qui
561 2767 646 2854 rapis
664 2779 806 2834 teneram
823 2769 864 2832 ad
882 2768 1016 2834 virum·
1051 2840 1056 2847 ,

424 2861 591 2947 virginem,
610 2883 629 2926 ο
647 2862 835 2946 Hymenaee
852 2861 998 2947 Hymen,
1050 2912 1054 2922 .

489 2976 509 3020 o
526 2957 658 3041 Hymen
674 2957 874 3040 Hymenaee,

426 3126 519 3210 oinge
536 3127 680 3210 tempora
696 3125 828 3190 floribus

489 3241 586 3284 suave
603 3219 716 3284 olentis
734 3218 882 3294 amaram,

488 3312 670 3377 flammeum
684 3334 778 3397 oape,
796 3313 899 3388 laetus
916 3311 982 3378 huo
1115 3368 1121 3379 .

427 3405 491 3472 huo
508 3406 581 3472 veni
597 3406 691 3472 niveo
709 3428 823 3492 gerens
1052 3403 1055 3408 ’

491 3501 612 3568 luteum
630 3499 712 3586 pede
730 3520 869 3578 soooum,

425 3670 611 3754 excitusque
626 3670 721 3735 hilari
737 3670 789 3736 die

488 3763 642 3851 nuptialia
659 3764 827 3828 oonoinens

489 3879 569 3923 vooe
586 3857 727 3921 earmina
743 3845 866 3921 tinnula

427 3952 510 4040 pelle
527 3950 660 4016 humum
677 3950 823 4037 pedibus,
840 3972 938 4016 manu

489 4046 616 4133 pineam
634 4055 730 4130 quate
747 4043 883 4110 taedam.
