2842 4386
632 234 802 290 CATULLI

613 423 813 491 LXXVIII.

203 542 318 610 Gallus
335 544 432 609 habet
450 543 574 620 fratres,
592 564 728 627 quorum
746 554 795 610 est
812 544 1007 629 lepidissima
1024 547 1167 613 coniunx

246 639 385 715 alterius,
403 638 526 724 lepidus
544 639 628 701 filius
646 638 786 702 alterius.

205 730 320 798 Gallus
337 730 432 796 homo
451 742 500 797 est
515 731 634 796 bellus:
653 754 728 795 nam
747 731 856 796 dulces
873 732 977 818 iungit
995 755 1130 810 amores,

246 848 318 890 eum
336 847 436 910 puero
454 834 490 888 ut
506 824 590 889 bello
608 823 693 888 bella
709 825 816 910 puella
834 825 939 891 subet.

166 931 188 988 5
204 917 318 985 Gallus
336 918 431 983 homo
450 928 499 984 est
515 918 629 982 stultus
648 939 708 982 nee
724 941 759 983 se
776 918 864 984 videt
881 941 951 984 esse
969 920 1130 997 maritum,

183 1018 186 1024 “
244 1014 300 1096 qui
318 1023 450 1104 patruus
467 1013 573 1097 patrui
589 1023 743 1078 monstret
759 1006 962 1079 adulterium}

627 1359 798 1424 LXXIX.

153 1511 156 1517 ·
183 1490 186 1494 ’
201 1479 340 1545 Lesbius
359 1489 407 1545 est
423 1479 547 1564 pulcer:
570 1479 716 1563 quidni?
734 1501 829 1562 quem
848 1478 969 1545 Lesbia
986 1481 1075 1545 malit

245 1596 341 1657 quam
358 1584 390 1637 te
408 1595 482 1638 eum
499 1582 565 1637 tota
581 1582 688 1658 gente,
708 1571 846 1647 Catulle,
864 1583 929 1638 tua.

201 1668 259 1733 sed
276 1679 382 1732 tamen
399 1666 451 1731 hie
467 1666 577 1751 puleer
594 1666 713 1731 vendat
730 1688 803 1730 eum
821 1679 916 1752 gente
934 1666 1110 1744 Catullum,

245 1762 271 1826 si
288 1761 348 1825 tria
365 1771 512 1852 notorum
530 1760 620 1825 savia
636 1760 819 1845 reppererit.

638 2108 789 2174 LXXX.

200 2228 290 2310 Quid
307 2219 421 2302 diesin,
431 2220 535 2303 Gelli,
554 2249 652 2310 quare
669 2250 761 2294 rosea
777 2228 840 2294 ista
856 2227 973 2293 labella

243 2321 376 2386 hiberna
393 2321 472 2385 fiant
488 2320 673 2386 eandidi0ra
688 2322 772 2399 nive,

145 2445 148 2457 ·
200 2437 294 2479 mane
312 2415 405 2478 domo
424 2437 497 2479 eum
515 2414 583 2479 exis
600 2426 633 2480 et
650 2437 722 2480 eum
740 2426 772 2481 te
790 2425 903 2480 octava
920 2414 1027 2498 quiete

243 2531 261 2574 e
278 2508 365 2573 molli
383 2509 480 2592 longo
499 2508 630 2573 suscitat
646 2508 725 2593 hora
741 2508 811 2574 die?

165 2604 307 2670 5neseio
324 2602 402 2687 quid
420 2613 504 2669 certe
523 2613 584 2668 est:
603 2626 644 2667 an
662 2626 737 2668 vere
754 2604 841 2668 fama
858 2614 1001 2668 susurrat

242 2697 376 2784 grandia
392 2709 424 2763 te
441 2697 539 2762 medii
556 2707 643 2761 tenta
660 2719 771 2761 vorare
781 2696 866 2760 uiri?

199 2792 245 2857 sie
263 2801 347 2856 eerte
365 2801 425 2857 est:
445 2791 584 2856 clamant
599 2791 739 2856 Victoris
756 2801 850 2876 rupta
866 2790 980 2856 miselli

241 2885 304 2962 ilia,
323 2895 356 2950 et
372 2885 494 2950 emulso
511 2885 601 2950 labra
618 2895 727 2949 notata
745 2906 826 2949 sero.

623 3231 794 3296 LXXXI.

198 3353 342 3419 Nemone
359 3351 393 3416 in
410 3360 498 3415 tanto
516 3351 620 3435 potuit
636 3351 754 3435 populo
772 3372 854 3428 esse,
869 3350 1010 3428 Iuventi,

240 3446 342 3511 bellus
360 3445 465 3521 homo,
483 3465 578 3527 quem
597 3455 631 3509 tu
650 3445 781 3529 diligere
798 3445 964 3531 inciperes,

197 3551 419 3625 praeterquam
436 3539 496 3602 iste
513 3550 587 3603 tuus
605 3539 795 3602 moribunda
811 3540 853 3603 ab
872 3539 947 3605 sede
964 3538 1093 3603 Pisauri

219 3633 354 3718 'hospes
372 3633 517 3698 inaurata
534 3632 681 3718 pallidior
698 3643 813 3709 statua,

160 3740 180 3796 5
197 3727 252 3812 qui
269 3727 327 3792 tibi
344 3749 429 3792 nuno
447 3727 534 3793 cordi
552 3739 610 3802 est,
627 3749 722 3810 quem
740 3737 775 3790 tu
792 3748 988 3811 praeponere
1006 3726 1099 3791 nobis

240 3821 337 3887 audes
355 3820 506 3888 etuneseis
524 3821 610 3904 quod
627 3820 752 3884 facinus
769 3819 880 3885 fanias.
