2842 4386
630 271 800 329 OATULLI

655 460 766 528 XCV.

245 579 385 664 Zmyrna
401 580 464 646 mei
483 578 607 647 Cinnae
624 603 742 646 nonam
760 591 831 666 post
848 580 985 665 denique
1002 604 1141 647 messem

285 695 381 756 quam
400 685 513 759 coepta
530 686 578 739 est
595 697 776 759 nouamque
794 675 879 740 edita
896 687 969 760 post
986 676 1133 751 hiemem,

242 766 420 832 miliacum
437 769 558 833 interea
575 769 748 854 quingenta
765 771 782 849 ‘s
799 768 991 834 Hortensius
1008 790 1074 833 uno

166 968 184 1022 5
244 954 385 1037 Zmyrna
403 977 497 1019 cavas
517 954 663 1020 Satrachi
679 945 805 1040 penitus
822 954 965 1019 mittetur
982 956 1025 1020 ad
1043 957 1157 1033 undas,

286 1039 459 1132 Zmyrnam
477 1071 558 1113 cana
575 1049 630 1113 diu
648 1049 774 1113 saecula
791 1048 986 1134 persoluent.

243 1151 276 1207 at
294 1141 405 1205 Volusi
422 1142 551 1207 annales
569 1140 716 1207 Paduam
733 1143 907 1208 morientur
925 1142 966 1206 ad
984 1143 1088 1227 ipsam

285 1242 317 1300 et
333 1234 422 1299 laxas
440 1235 593 1300 scombris
611 1258 705 1321 saepe
724 1236 845 1300 dabunt
862 1236 995 1300 tunicas.

624 1464 793 1477 μ-

648 1673 775 1742 XCV2.

240 1795 346 1858 Parva
364 1795 427 1858 mei
444 1794 522 1858 mihi
540 1795 603 1858 sint
620 1795 706 1859 cordi
724 1804 930 1859 monumenta
946 1793 1078 1860 sodalisz

283 1900 317 1952 at
333 1889 470 1973 populus
487 1888 608 1952 tumido
626 1888 765 1973 gaudeat
781 1888 983 1953 Antimacho.

645 2326 772 2394 XCVI.

243 2445 279 2512 Si
297 2445 468 2529 quicquam
485 2448 580 2512 mutis
599 2456 724 2533 gratum
743 2455 948 2532 acceptumve
966 2444 1120 2532 sepulcris

285 2539 427 2604 accidere
445 2564 464 2604 a
480 2554 599 2618 nostro,
619 2540 729 2616 Calvo,
748 2540 856 2605 dolore
874 2551 988 2625 potest,

241 2629 305 2717 quo
323 2628 479 2699 desiderio
496 2647 617 2700 veteres
634 2656 822 2698 renovamus
840 2656 963 2698 amores

285 2739 380 2811 atque
399 2726 486 2791 Orco
504 2751 623 2792 mersas
640 2727 753 2791 flemus
771 2726 934 2803 amicitias,
1029 2740 1033 2750 '

165 2839 183 2892 5
242 2833 325 2886 certe
342 2842 406 2884 non
423 2832 511 2885 tanto
527 2842 618 2890 mors
630 2821 787 2884 inmatura
804 2820 934 2885 dolorist

285 2914 469 2996 Quintiliae,
487 2923 641 2997 quantum
658 2914 778 2998 gaudet
795 2936 902 2980 amore
919 2924 982 2983 tuo.

634 3351 780 3418 XCVII.

239 3475 323 3551 Non,
340 3474 384 3538 ita
400 3497 452 3539 me
470 3473 503 3537 (li
521 3485 636 3548 ament,
655 3472 825 3557 quicquam
844 3471 961 3538 referre
979 3473 1099 3557 putavi,

281 3579 428 3633 utrumne
446 3590 482 3631 os
500 3590 540 3630 an
559 3568 666 3631 culum
683 3567 852 3632 olfacerem
870 3566 1019 3631 Aemilio.

237 3663 302 3727 nilo
320 3662 467 3725 mundius
485 3659 556 3738 hoo,
574 3661 701 3744 niloque
719 3658 900 3724 inmundior
916 3660 980 3736 ille,

281 3777 392 3820 verum
410 3755 504 3819 etiam
523 3754 612 3819 culus
630 3755 777 3818 mundior
794 3765 826 3818 et
842 3754 968 3817 melior:
1028 3787 1030 3791 >

160 3867 178 3920 5
238 3872 312 3914 nam
329 3848 396 3912 sine
414 3847 561 3912 dentibus
579 3858 636 3912 est.
682 3847 783 3913 dentis
801 3869 836 3912 os
855 3847 1094 3932 sesquipedalis,

280 3941 425 4028 gingivas
443 3962 518 4006 vero
535 3942 662 4026 ploxeni
679 3941 777 4005 hahet
793 3941 918 4018 veteris,

237 4046 399 4123 praeterea
416 4034 529 4098 rictum
547 4035 672 4119 qualem
692 4034 831 4100 diffissus
849 4035 883 4100 in
900 4046 990 4101 aestu
