2842 4386
575 207 693 262 LIBER

205 328 350 395 meientis
367 327 473 393 mulae
491 350 614 394 cunnus
632 329 749 393 habere
768 327 856 394 solet.

163 423 216 487 hie
233 422 331 487 futuit
347 422 463 486 multas
482 431 514 488 et
531 446 565 487 se
583 422 661 487 fauit
678 445 748 488 esse
766 432 947 500 venustum,

208 527 240 582 et
257 538 321 580 non
339 516 471 601 pistrino
488 517 622 581 traditur
640 522 735 600 atqua
752 517 859 582 asino?
1161 528 1199 583 10

164 632 261 694 quem
280 611 371 694 siqua
389 610 524 694 attingit,
542 632 607 674 non
624 610 711 675 illam
729 632 822 695 posse
839 621 987 696 putemus

206 702 329 788 aegroti
347 702 455 768 'aulum
472 703 592 788 lingere
610 703 785 771 carnificis?

546 934 717 949 *-

552 1141 716 1210 XCVIII.

164 1261 204 1326 In
223 1270 264 1339 te,
283 1261 359 1327 siin
377 1282 581 1346 quemquam,
601 1262 664 1327 diei
681 1272 765 1347 pote,
782 1261 892 1348 putide
909 1263 1008 1342 Vetti,

129 1398 133 1407 .
208 1355 241 1419 id
258 1355 344 1439 quod
362 1355 504 1420 verbosis
523 1356 638 1420 dicitur
655 1365 688 1421 et
704 1357 815 1421 fatuis:

165 1448 227 1513 ista
244 1471 317 1513 eum
335 1449 455 1535 lingua,
473 1450 500 1513 si
517 1472 594 1513 usus
613 1450 720 1514 veniat
737 1449 805 1526 tibi,
823 1450 927 1536 possis

208 1543 296 1607 aulos
315 1552 347 1609 et
364 1541 507 1628 crepidas
525 1543 645 1627 liugero
663 1543 851 1628 carpatinas.

167 1635 269 1700 sinos
288 1635 417 1700 omuino
435 1636 483 1698 vis
502 1657 611 1700 omues
628 1636 770 1720 perdere,
788 1637 888 1714 Vetti,

208 1728 328 1793 hiseasz
346 1728 474 1792 omnino
491 1729 578 1812 quod
595 1730 684 1815 cupis
702 1729 832 1795 efficies.
850 1772 854 1777 ·

549 1959 720 1972 Ψ

566 2167 700 2236 XCIX.

166 2288 402 2375 Surripuitibi,
419 2287 497 2353 dum
514 2288 608 2366 ludis,
624 2288 743 2355 mollite
759 2289 897 2368 Iuventi,

207 2383 363 2448 saviolum
381 2381 467 2448 dulei
484 2383 607 2448 dulcius
624 2383 792 2448 ambrosia.

164 2499 274 2542 verum
292 2476 326 2540 id
342 2498 407 2541 uon
423 2477 542 2561 inpune
560 2477 633 2541 tuli:
652 2499 790 2560 namque
808 2478 943 2563 amplius
961 2478 1071 2546 horam

207 2570 360 2636 suffixum
377 2569 411 2633 in
428 2591 553 2635 summa
568 2593 621 2636 me
638 2570 768 2635 memini
784 2593 854 2643 asse
873 2593 976 2649 eruce,
1015 2638 1017 2642 ,
1062 2616 1065 2622 Δ

164 2664 241 2729 dum
258 2663 316 2728 tibi
333 2686 385 2729 me
402 2685 505 2748 purgo
522 2685 582 2729 nea
599 2685 729 2749 possum
747 2663 875 2729 fletibus
898 2666 971 2731 ullis
1158 2681 1177 2736 5

206 2758 366 2823 tantillum
383 2767 506 2823 vestrae
523 2758 650 2823 demere
667 2758 826 2823 saevitiae.

163 2876 239 2917 nam
256 2852 350 2916 simul
367 2851 400 2915 id
418 2852 536 2916 factum
555 2861 612 2928 est,
630 2851 738 2916 multis
756 2852 856 2916 diluta
866 2851 989 2918 ¹labella

206 2945 304 3032 guttis
323 2945 498 3011 abstersisti
514 2945 661 3020 omuibus
679 2945 828 3022 articulis,

163 3039 392 3124 nequicquam
408 3049 516 3105 nostro
534 3049 730 3105 contractum
749 3062 788 3104 ex
806 3061 861 3104 ore
878 3049 1032 3118 maneret,

206 3142 368 3217 tamquam
386 3133 559 3198 oonmictae
578 3154 692 3218 spurca
710 3132 810 3197 saliva
825 3131 929 3218 lupae.

162 3238 327 3314 praeterea
344 3227 460 3292 infesto
476 3227 627 3292 miserum
646 3249 699 3293 me
715 3226 839 3293 tradere
856 3227 971 3293 Amori

205 3343 270 3386 non
288 3321 418 3387 cessasti
435 3321 584 3405 omnique
601 3321 783 3388 excruciare
800 3320 904 3399 modo,

162 3425 201 3480 ut
216 3414 262 3479 mi
279 3436 319 3480 ex
336 3414 496 3479 ambrosia
513 3425 670 3479 mutatum
687 3415 751 3479 iam
768 3414 851 3481 foret
867 3412 964 3479 illud·

207 3508 362 3574 saviolum
379 3508 461 3573 tristi
479 3508 599 3574 tristius
617 3509 789 3574 helleboro.

163 3624 260 3687 quam
277 3603 427 3685 quoniam
444 3624 579 3688 poenam
597 3602 713 3669 misero
729 3603 880 3688 proponis
899 3604 1009 3683 amori,

204 3716 379 3780 numquam
397 3696 461 3762 iam
479 3697 611 3782 posthae
629 3697 719 3762 basia
736 3696 913 3783 surripiam.
