2842 4386
571 201 687 256 LIBER
713 196 720 223 ’·

162 333 229 401 aut,
248 323 274 388 si
293 332 325 387 te
342 324 465 388 nummi
483 324 652 401 delectant,
671 323 780 390 desine
798 344 917 407 quaeso

206 419 279 484 leno
297 441 366 485 esso
383 429 479 504 atque
496 418 580 484 idem
599 441 713 484 saevus
732 430 764 484 et
780 417 962 482 indomitus.

549 649 719 665 ῃ

590 857 679 927 CIV.

164 976 280 1043 Credis
297 1001 349 1044 me
366 979 506 1064 potuisse
523 1001 613 1044 meae
630 977 818 1043 maledicere
837 977 931 1055 vitae,

210 1073 365 1138 ambobus
382 1073 460 1138 mihi
477 1096 560 1157 quas
577 1075 678 1139 carior
696 1084 745 1138 est
761 1072 879 1138 oeulis?

164 1188 230 1231 non
248 1167 347 1251 potui,
366 1189 434 1245 nec,
453 1168 480 1232 si
497 1191 633 1254 possem,
651 1178 717 1236 tam
734 1166 857 1252 perdite
874 1188 1025 1230 amarem.
1114 1206 1116 1212 .

209 1260 266 1326 sed
283 1272 318 1325 tu
336 1282 410 1326 cum
427 1261 583 1348 Tappone
601 1262 707 1326 omnic
724 1270 864 1327 monstra
881 1258 971 1325 facis.

549 1491 720 1507 m

604 1701 675 1768 CV.

165 1820 316 1886 Mentula
333 1831 465 1885 conatur
481 1819 630 1906 Pipleum
648 1818 801 1884 scandere
818 1830 973 1885 montem:

209 1938 320 1980 musac
338 1915 471 1981 furcillis
488 1913 696 2000 praecipitem
713 1912 839 1979 eiciunt.

552 2145 721 2158 ῃ

591 2353 681 2422 CVI.

169 2474 257 2541 Cum
275 2497 374 2560 puero
391 2473 476 2538 bello
494 2496 682 2560 praeconem
701 2474 756 2557 qui
773 2473 861 2539 videt
878 2496 957 2551 esse,

213 2568 292 2653 quid
310 2568 429 2646 credat,
446 2568 508 2634 nisi
525 2591 560 2635 se
577 2568 714 2635 vendere
732 2567 915 2652 discupere?

556 2796 727 2811 η

585 3006 692 3075 CVII.

172 3127 212 3195 Si
229 3126 305 3216 quoi
322 3126 400 3217 qnid
417 3125 533 3212 cupido
551 3126 736 3212 optantique
753 3123 867 3211 obtigit
884 3146 1037 3210 umquam

175 3233 180 3245 ¹
216 3220 400 3308 insperanti,
419 3219 479 3285 hoc
501 3230 550 3286 est
566 3230 694 3306 gratum
710 3219 816 3286 animo
834 3219 971 3305 proprie.

169 3337 271 3399 quare
288 3315 349 3379 hoe
367 3324 416 3379 est
432 3326 559 3399 gratum
577 3313 731 3396 nobisque
749 3323 798 3379 est
814 3312 917 3378 carius
935 3335 1024 3392 auro,

216 3409 303 3492 quod
321 3419 352 3473 te
369 3407 518 3486 restituis,
536 3406 666 3484 Lesbia,
685 3407 729 3472 mi
747 3407 873 3492 cupido,

173 3501 312 3567 restituis
330 3501 446 3586 cupido
464 3512 560 3585 atque
578 3501 760 3586 insperanti,
779 3501 850 3586 ipsa
866 3500 965 3567 refers
983 3514 1015 3566 te

216 3595 318 3659 nobis.
363 3617 383 3659 o
400 3595 505 3660 lucem
524 3595 705 3673 candidiore
722 3593 811 3659 notal

172 3688 247 3772 quis
264 3709 316 3752 me
333 3709 398 3751 uno
416 3688 494 3754 vivit
510 3688 642 3765 felicior,
661 3699 717 3753 aut
733 3688 835 3773 magis
853 3688 914 3755 hac
931 3710 983 3754 res

218 3781 373 3871 optandas
390 3781 457 3848 vita
474 3782 578 3849 dicere
596 3782 668 3867 quis
684 3782 819 3868 poterit?

558 3981 728 3993 --—-——

1168 3509 1188 3565 ὗ
