2842 4386
618 229 734 285 LIBER
1144 217 1192 295 63

205 331 314 416 dirum
332 351 373 415 ad
391 351 547 416 fallendos
564 353 694 417 numine
713 352 849 416 abusum
866 352 1021 430 homines,

161 446 261 509 multa
280 456 392 530 parata
409 446 620 510 manentiam
638 447 671 510 in
689 446 786 531 longa
804 456 916 524 aetate,
936 445 1073 524 Catulle,
1201 460 1221 518 5

206 560 246 602 ex
264 537 325 604 hoc
341 539 467 624 ingrato
485 540 604 624 gaudia
621 562 727 604 amore
746 539 813 603 tibi.
1182 608 1185 612 ,

163 654 238 696 nam
269 653 489 716 quaecumque
519 632 663 698 homines
700 634 780 698 bene
810 632 959 716 cuiquam
989 643 1046 698 aut
1081 634 1185 702 dicere

333 737 467 811 possunt

206 829 261 883 aut
278 818 394 896 facere,
413 820 492 885 haec
510 842 530 885 a
547 831 578 885 te
596 820 743 903 dictaque
760 819 908 902 factaque
925 831 1015 887 sunt:

163 912 271 976 omnia
287 932 369 995 quae
386 914 530 999 ingratae
548 914 709 998 perierunt
727 914 846 979 credita
864 914 972 980 menti.
1215 994 1217 998 Α

205 1028 304 1089 quare
323 1029 380 1072 our
397 1018 441 1084 te,
458 1029 514 1073 our
530 1009 593 1073 iam
612 1009 748 1093 amplius
766 1007 947 1072 excrucies?
1202 1025 1240 1081 10

163 1099 240 1182 quin
258 1110 293 1164 tu
311 1100 417 1165 animo
435 1101 575 1166 offirmas
593 1112 689 1184 atque
707 1101 800 1166 istinc
818 1096 1056 1185 teque'reducis
1131 1095 1138 1106 '⁴

206 1204 239 1257 et
256 1193 304 1258 dis
322 1193 429 1258 invitis
448 1195 565 1259 desinis
584 1218 653 1260 esse
671 1195 787 1259 miser?

164 1286 293 1352 difficile
312 1299 360 1352 est
376 1288 508 1374 longum
527 1288 632 1354 subito
651 1289 810 1374 deponere
829 1310 979 1354 amorem.

207 1381 335 1446 difficile
354 1392 411 1459 est,
430 1405 540 1447 verum
558 1382 619 1448 hoo
637 1404 701 1467 qua
718 1383 806 1448 lubet
824 1382 958 1447 efficias:

164 1496 228 1538 una
247 1476 332 1540 salus
350 1476 429 1541 haec
448 1487 505 1552 est,
523 1477 584 1542 hoc
602 1476 725 1541 esttibi
743 1468 1003 1560 pervincendum',
1092 1491 1099 1499 ⁴
1204 1494 1241 1550 15

205 1568 267 1634 hoc
285 1570 394 1647 facias,
413 1571 480 1638 sive
497 1571 532 1635 id
548 1591 613 1635 non
630 1583 704 1655 pote
723 1571 790 1635 sive
808 1580 891 1655 pote.

164 1685 183 1727 o
202 1663 245 1740 di,
265 1665 290 1728 si
309 1675 449 1729 vestrum
467 1674 516 1730 est
533 1665 686 1742 misereri,
705 1675 761 1728 aut
777 1664 804 1728 si
821 1664 937 1747 quibus
955 1686 1109 1748 umquam

207 1769 348 1823 extremo
365 1759 429 1822 iam
447 1759 518 1844 ipsa
534 1759 568 1823 in
585 1769 686 1823 morte
703 1757 819 1822 tulistis
838 1779 941 1841 opem,
1043 1823 1046 1830 ,

163 1874 215 1916 me
233 1852 382 1917 miserum
401 1842 554 1937 adspicite
572 1866 613 1928 et,
631 1852 658 1915 si
677 1851 773 1916 vitam
791 1851 911 1935 puriter
929 1850 991 1935 egi,

208 1945 318 2029 eripite
336 1945 418 2009 hanc
435 1956 557 2030 pestem
575 1945 811 2030 perniciemque
829 1944 917 2007 mihi.

165 2038 194 2102 ei
211 2038 299 2113 mihi,
318 2038 493 2123 subrepens
511 2039 591 2103 imos
610 2049 645 2103 ut
664 2049 771 2122 torpor
788 2038 822 2101 in
840 2047 927 2101 artus

208 2132 334 2217 expulit
347 2155 387 2197 ex
405 2133 491 2197 omni
509 2144 636 2218 pectore
653 2130 803 2197 laetitias!

164 2247 229 2289 non
246 2226 309 2291 iam
327 2226 407 2291 illud
425 2248 555 2309 quaero,
573 2236 683 2292 contra
700 2236 737 2290 ut
753 2246 805 2290 me
823 2224 934 2309 diligat
951 2223 1017 2301 illa,
1125 2240 1129 2246 “

208 2330 273 2397 aut,
291 2319 378 2403 quod
394 2342 459 2384 non
476 2321 558 2405 potis
575 2330 632 2398 est,
652 2342 721 2386 esse
738 2318 856 2405 pudica
873 2317 961 2386 velitz

164 2411 233 2497 ipse
251 2412 357 2478 valere
374 2410 449 2498 opto
468 2423 500 2478 et
513 2425 654 2478 taetrum
670 2413 756 2477 hunc
773 2413 933 2498 deponere
950 2411 1106 2477 morbum.
1167 2474 1184 2486 ,,
1205 2427 1243 2482 25
1350 2410 1358 2417 ’

209 2528 228 2570 o
245 2506 289 2583 di,
307 2505 429 2573 reddite
447 2506 492 2569 mi
510 2507 570 2572 hoc
587 2530 645 2592 pro
662 2507 779 2591 pietate
796 2528 878 2572 mea.

560 2928 771 3011 ‘nxxvn

166 3067 252 3134 Rufe
271 3065 348 3130 mihi
367 3026 546 3131 frustrdiio
557 3041 751 3148 nequiquam
770 3063 888 3130 credite
906 3064 1008 3131 amico

209 3160 358 3242 (frustral
375 3159 472 3223 immo
490 3181 606 3244 magno
625 3180 698 3223 oum
715 3159 816 3244 pretio
835 3169 930 3241 atque
947 3160 1055 3243 malo),

166 3255 264 3320 sicine
282 3253 442 3338 subrepsti
459 3253 502 3317 mi
520 3264 617 3336 atque
634 3252 783 3318 intestina
801 3274 954 3337 perurens

210 3348 252 3413 eit
272 3349 386 3412 misero
404 3347 547 3432 eripuisti
564 3347 670 3411 omnin
686 3347 912 3411 nostrabona?
944 3379 947 3387 ν
1015 3358 1021 3369 ’

166 3441 319 3527 eripuisti,
338 3441 482 3506 heuheu
499 3450 626 3506 nostrae
644 3441 772 3505 crudele
790 3461 950 3506 venenum
1205 3454 1225 3510 5

209 3531 302 3610 vitae,
321 3533 465 3600 heuheu
482 3546 608 3600 nostrae
625 3535 723 3619 pestis
741 3533 908 3600 amicitiae.
989 3564 992 3570 ·

167 3629 223 3693 sed
240 3651 325 3694 nunc
342 3629 374 3692 id
392 3628 495 3706 doleo,
514 3628 600 3711 quod
617 3650 716 3712 purae
734 3651 814 3713 pura
830 3628 956 3713 puellae
1046 3626 1188 3695 mvm'r

211 3722 299 3787 savia
317 3722 491 3787 conminxit
507 3744 623 3807 spurca
640 3723 740 3787 saliva
758 3734 823 3788 tua.
1057 3737 1060 3745 ’
1199 3778 1217 3797 «,

167 3837 278 3881 verum
296 3816 329 3880 id
346 3838 411 3880 non
428 3816 547 3902 inpune
565 3816 662 3883 feres:
680 3839 755 3880 nam
773 3827 804 3880 te
822 3815 928 3881 omnia
941 3813 1051 3892 ¹saecla
1168 3817 1171 3820 ’

209 3919 342 3975 noscent
359 3920 392 3975 et
409 3909 465 3994 qui
483 3910 525 3974 sis
543 3909 629 3975 fama
645 3910 792 3995 loquetur
809 3931 899 3974 anus.
1207 3922 1244 3977 10
