2842 4386
215 236 256 300 38
643 247 811 304 CATULLI

257 373 413 456 Hespere,
433 368 488 452 qui
507 370 594 435 eaelo
612 371 698 435 lueet
714 370 882 436 iucundior
898 370 1001 456 ignis?

257 463 312 548 qui
331 465 486 547 desponsa
503 473 558 527 tua
574 463 680 528 firmes
699 465 836 529 conubia
853 464 990 540 flamma,

255 578 337 640 quae
354 555 504 641 pepigere
522 555 591 632 viri,
609 555 799 642 pepigerunt
816 567 889 621 ante
907 567 1064 641 parentes,

256 672 315 714 neo
331 649 463 713 iunxere
480 648 567 733 prius
586 671 681 732 quam
700 672 734 714 se
752 659 826 713 tuus
844 649 957 714 extulit
974 650 1077 714 ardor.

257 742 336 825 quid
353 742 447 807 datur
463 766 483 806 a
500 742 582 806 divis
599 743 684 807 felici
701 743 838 827 optatius
857 743 952 807 hora?

256 836 387 920 Hymen
405 857 424 899 o
441 837 640 919 Hymenaee,
658 837 790 920 Hymen
807 836 883 901 ades
901 857 919 900 o
938 837 1137 921 Hymenaee.

256 1023 421 1106 Hesperus
441 1044 458 1085 e
476 1021 578 1097 nobis,
597 1022 755 1104 aequales,
775 1023 905 1086 abstulit
921 1044 1029 1087 unam.

385 1115 403 1148 ὕ
678 1115 696 1148 *
973 1116 991 1149 1

384 1208 401 1240 ff
678 1209 696 1242 ἦ
973 1210 991 1243 1

255 1323 392 1386 nemque
410 1312 465 1365 tuo
484 1302 621 1366 adventu
640 1303 751 1387 vigilat
768 1303 912 1367 custodia
930 1325 1063 1387 semper.

255 1406 348 1460 noete
365 1396 464 1459 latent
481 1396 577 1472 fures,
595 1417 675 1478 quos
693 1396 778 1461 idem
796 1418 891 1483 saepe
909 1408 1082 1471 revertens,

255 1489 411 1574 Hespere,
429 1499 550 1553 mutato
569 1490 758 1574 oonprendis
775 1491 902 1555 nomine
920 1489 1018 1554 Eous.

257 1593 290 1646 at
306 1583 395 1647 lubet
411 1582 552 1667 innuptis
569 1582 642 1647 ficto
660 1594 691 1648 te
710 1606 839 1668 carpere
857 1594 981 1666 questu.

257 1677 335 1758 quid
353 1687 430 1751 tum,
449 1676 476 1740 si
494 1689 638 1761 carpunt,
656 1677 752 1741 tacita
770 1698 866 1761 quem
884 1688 989 1741 mente
1006 1676 1195 1759 requirunt?

256 1772 388 1855 Hymen
406 1793 424 1834 o
443 1772 641 1855 Hymenaee,
660 1774 792 1856 Hymen
809 1772 885 1836 ades
903 1794 922 1837 o
940 1774 1140 1855 Hymenaee.

256 1968 293 2021 ut
309 1958 367 2021 fios
384 1957 417 2021 in
435 1958 552 2042 saeptis
570 1969 709 2023 secretus
726 1960 867 2023 nascitur
885 1952 993 2035 hortis,

256 2051 384 2136 ignotus
402 2052 519 2136 peoori,
538 2052 625 2116 nullo
643 2053 812 2117 convolsus
830 2063 943 2127 aratro,

215 2275 218 2283 ·
256 2260 351 2323 quem
368 2238 508 2303 mulcent
525 2261 630 2314 aurae,
648 2238 753 2304 firmat
769 2238 827 2316 sol,
845 2239 960 2304 eduoat
976 2238 1087 2317 imber,

255 2331 348 2396 multi
365 2331 455 2395 illum
472 2333 571 2417 pueri,
591 2332 708 2397 multae
727 2343 875 2418 optavere
893 2333 1031 2418 puellae3

255 2425 340 2490 idem
359 2447 432 2488 oum
449 2425 536 2490 tenui
554 2437 680 2511 carptus
699 2427 844 2490 defloruit
861 2426 970 2512 ungui,

257 2519 335 2582 nulli
351 2518 442 2582 illum
459 2520 560 2605 pueri,
579 2521 685 2584 nullae
703 2533 853 2605 optavere
870 2521 1009 2604 puellae:

257 2613 302 2676 sio
320 2613 420 2697 virgo,
439 2612 516 2677 dum
532 2612 651 2677 intacta
668 2625 784 2690 manet,
803 2614 878 2677 dum
897 2636 971 2678 oara
988 2612 1054 2676 suis
1072 2623 1119 2676 est
1125 2637 1135 2688 3
1171 2658 1174 2662 -

256 2729 330 2771 oum
347 2718 469 2770 eastum
487 2706 591 2770 amisit
608 2707 729 2791 polluto
747 2729 878 2792 corpore
896 2708 1015 2781 florem,

256 2822 315 2864 neo
332 2800 438 2885 pueris
455 2801 594 2864 iucunda
611 2812 718 2866 manet
734 2823 794 2865 nec
812 2823 886 2866 oara
902 2800 1026 2885 puellis.

255 2895 386 2978 Hymen
404 2915 422 2956 o
440 2894 638 2977 Hymenaee,
656 2895 787 2978 Hymen
805 2893 880 2957 ades
899 2915 917 2956 o
935 2894 1134 2976 Hymenaee.

255 3087 293 3142 ut
309 3077 406 3142 vidua
423 3076 456 3140 in
472 3077 560 3141 nudo
577 3077 649 3142 vitis
667 3099 749 3161 quae
766 3078 906 3141 nascitur
923 3099 1010 3152 arvo,

256 3193 429 3253 numquam
447 3192 482 3234 se
500 3171 632 3246 extollit,
649 3192 822 3253 numquam
840 3169 948 3234 mitem
963 3170 1079 3233 educat
1091 3193 1203 3250 uvam,

257 3264 313 3328 sed
330 3274 472 3328 tenerum
490 3286 589 3348 prono
608 3264 778 3328 deflectens
796 3263 937 3348 pondere
955 3285 1069 3347 eorpus

254 3357 400 3422 iamiam
418 3356 572 3442 contingit
589 3380 748 3421 summum
766 3357 872 3421 radice
889 3357 1061 3441 flagellum,

256 3450 338 3515 hano
354 3448 434 3514 nulli
452 3449 618 3535 agricolae,
635 3450 715 3514 nulli
733 3450 858 3515 ooluere
875 3449 1014 3525 iuvenoi;

256 3552 290 3607 at
306 3542 333 3607 si
350 3542 431 3607 forte
448 3543 560 3606 eadem
578 3553 625 3606 est
642 3544 728 3606 ulmo
746 3543 915 3608 ooniunota
932 3541 1056 3618 marito,

255 3635 346 3701 multi
362 3634 450 3699 illam
467 3635 634 3720 agricolae,
654 3635 744 3699 multi
762 3636 886 3700 oo'luere
904 3634 1044 3698 iuvenci:

256 3730 301 3794 sio
318 3729 419 3815 virgo,
438 3728 514 3792 dum
531 3728 650 3793 intaeta
667 3740 783 3806 manet,
803 3729 878 3792 dum
897 3729 1015 3793 inculta
1033 3729 1187 3808 senesoit3

256 3846 328 3889 oum
345 3846 404 3908 par
421 3822 591 3888 oonubium
608 3834 732 3887 maturo
751 3834 891 3907 tempore
909 3823 1064 3907 adeptast,

256 3939 329 3981 uara
346 3916 414 3981 viro
432 3916 534 4002 magis
552 3925 583 3979 et
600 3916 704 3979 minus
722 3927 770 3980 est
786 3916 888 3980 invisa
905 3915 1039 4002 parenti.

256 4012 385 4094 Hymen
403 4033 423 4075 o
441 4011 640 4094 Hymenaee,
659 4011 787 4094 Hymen
807 4010 919 4074 adeso
938 4011 1137 4094 Hymenaee.
