2842 4386
210 193 252 256 70
637 203 806 262 CATULLI

703 392 743 460 Ο.

197 513 340 580 'Caelius
358 514 544 579 Aufilenum
563 523 595 579 et
612 512 763 594 Quintius
781 514 966 581 Aufilenam

253 609 311 673 flos
328 607 550 686 Veronensum
568 607 742 694 depereunt
759 608 922 684 iuvenum,

211 702 263 767 hie
281 703 421 779 fratrem,
439 702 491 768 ille
510 723 659 768 sororem.
702 701 764 766 hoe
781 713 839 778 est,
857 704 944 786 quod
961 703 1085 782 dieitur,
1103 704 1183 770 illud

254 796 427 861 fraternum
445 818 519 860 vere
536 796 629 861 dulce
651 795 842 860 sodalitium.

177 903 196 957 5
213 891 264 954 eui
281 891 408 955 faveam
425 889 549 975 potius?
572 889 671 966 Caeli,
688 889 761 953 tibi:
779 913 855 955 nam
873 900 929 953 tua
946 890 1037 956 nobis

253 1006 310 1069 per
327 985 412 1048 faeta
430 982 570 1048 exhibita
588 993 635 1047 eat
651 984 747 1048 unica
765 983 913 1058 amicitia,

212 1101 285 1144 curn
303 1101 420 1142 vesana
436 1100 524 1142 meas
542 1088 674 1142 torreret.
691 1078 819 1154 flamma
837 1076 1002 1142 medullae.

255 1172 297 1237 sia
315 1173 401 1250 felix,
421 1169 526 1265 Caeli?
540 1171 583 1236 sis
600 1171 633 1237 in
651 1191 758 1236 amore
776 1181 899 1257 potens.

692 1565 765 1662 cr

253 1708 376 1774 Multas
392 1730 451 1794 per
467 1717 579 1794 gentes
596 1719 629 1774 et
648 1709 749 1775 multa
765 1731 823 1794 per
839 1729 979 1793 aequora
995 1716 1107 1774 reatus

297 1803 432 1869 advenio
450 1803 508 1868 has
525 1804 665 1879 miseras,
685 1804 792 1879 frater,
810 1803 852 1867 ad
868 1803 1008 1879 inferias,

254 1907 291 1962 ut
307 1907 339 1962 te
356 1907 516 1983 postremo
533 1898 684 1961 donarem
702 1919 834 1961 munere
852 1895 962 1961 mortis

298 2001 330 2056 et
345 2001 468 2055 mutam
485 1991 679 2074 nequiquam
697 1991 886 2072 adloquerer
903 1990 1052 2066 cinerem,

255 2083 514 2168 quandoquidem
531 2085 659 2148 fortuna
676 2084 754 2147 mihi
772 2094 804 2149 te
822 2094 853 2150 te
871 2083 1004 2147 abstulit
1019 2083 1136 2168 ipsum,

297 2178 361 2243 heu
378 2178 474 2242 miser
491 2178 621 2263 indigne
639 2168 737 2242 frater
754 2179 901 2263 adempte
918 2177 1006 2242 mihi.

256 2294 342 2336 nune
355 2282 461 2337 tamen
475 2272 596 2336 interea
608 2271 698 2349 haee,
714 2272 818 2358 priseo
832 2289 915 2355 quae
928 2287 1018 2338 more
1033 2281 1203 2356 pareutum

299 2365 415 2429 tradita
432 2377 506 2430 sunt
523 2365 619 2430 tristia
635 2388 769 2432 munera
785 2365 826 2438 ad
843 2365 984 2442 inferias,

257 2459 366 2545 accipe
384 2460 523 2525 fraterno
540 2461 677 2525 multum
694 2459 854 2524 manantia
872 2460 960 2535 fletu,

300 2563 397 2638 atque
413 2553 446 2618 iu
464 2564 663 2639 perpetuum,
681 2554 788 2630 frater,
806 2575 865 2619 ave
883 2565 979 2638 atque
996 2552 1078 2619 vale.

688 2959 764 3027 ΟΠ.

258 3079 295 3146 Si
313 3079 484 3163 quiequam
502 3081 597 3144 tacito
615 3079 818 3146 commissum
836 3088 884 3145 eet
900 3079 964 3143 fido
982 3079 1023 3143 ab
1042 3078 1155 3156 amieo,

301 3175 449 3238 euius-sit
466 3174 592 3258 penitus
608 3185 684 3262 neta
701 3174 779 3238 fides
797 3173 904 3248 animi,

259 3288 374 3349 meque
393 3289 462 3331 esse
479 3267 620 3332 invenies
637 3267 763 3331 illorum
781 3267 849 3332 iure
867 3278 1036 3341 sacratum,

303 3358 442 3436 Corneli,
461 3369 493 3426 et
509 3360 629 3425 sautum
647 3383 698 3425 me
716 3383 785 3424 esee
802 3370 880 3445 puta
896 3361 1139 3444 Harpocratem.

637 3574 807 3584 ——u———u

679 3766 772 3833 CIII.

259 3888 329 3952 Aut
348 3887 439 3952 sodes
457 3886 535 3950 mihi
552 3884 650 3951 redde
668 3887 777 3951 decem
795 3884 950 3962 sestertia,
971 3883 1049 3961 Silo,

304 3980 418 4046 deinde
436 3991 504 4047 esto
522 3981 668 4064 quamvis
687 4002 800 4046 saevus
817 3989 850 4044 et
866 3979 1052 4044 indomitus:
