2842 4386
573 210 802 252 PROLEGOMENA
1199 213 1232 254 LI

142 347 207 389 esse
223 327 340 406 puellae
359 347 428 387 suae
446 349 464 386 a
482 327 545 387 deis
563 330 669 387 amoris
688 327 765 387 dono
779 328 889 399 datum,
908 332 1014 389 mirum
1031 337 1076 389 est
1089 339 1232 410 quantum

142 413 213 472 hinc
231 413 404 472 Schwabius
422 432 450 491 p.
471 415 532 470 242
547 433 568 471 s.
587 409 676 487 (conf.
695 417 784 472 etiam
806 435 834 491 p.
854 415 914 473 245
930 415 965 488 s.)
984 423 1012 474 et
1030 415 1233 494 WestphaHus

142 518 171 577 p.
187 498 249 555 150
264 518 285 556 s.
305 498 516 556 concluserint:
534 499 626 557 verba
641 503 720 556 enim
732 503 791 557 ista
804 499 842 557 ad
856 499 996 558 Lesbiam
1011 521 1077 559 cum
1091 502 1231 575 referunt,

144 603 168 641 c.
191 582 275 642 XIII
295 586 416 661 vigente
443 586 532 642 etiam
556 581 667 641 Catulli
694 603 766 661 erga
787 603 852 643 eam
878 604 976 644 amore
1003 589 1143 663 scriptum
1170 605 1232 646 esse

145 671 323 727 existimant
363 687 423 746 qua
449 664 570 746 quidem
596 672 736 747 opinione
761 672 822 728 iam
847 669 923 728 illud
946 669 1073 728 debebat
1101 670 1233 730 detinere

145 751 225 831 quod
241 761 329 830 poeta
346 773 374 811 v.
390 754 410 810 4
428 752 586 811 candidam
603 753 734 830 puellam
752 758 846 812 amico
864 753 903 812 ad
921 773 1024 813 cenam
1042 754 1233 814 adferendam

144 856 209 896 esse
226 841 276 895 ait.
312 845 422 916 quanto
439 841 532 914 igitur
548 841 656 897 rectius
668 839 818 898 Brunerus
835 860 864 916 p.
880 840 940 897 636
955 859 976 898 s.
994 839 1147 912 iudicavit,
1166 861 1234 899 cum

142 925 231 981 istam
247 921 358 981 Catulli
371 922 502 1000 puellam
513 925 547 981 in
561 926 690 982 carmine
705 943 743 982 ex
755 927 843 983 meris
856 927 929 982 iocis
944 928 1094 1001 conposito
1111 928 1234 983 strictim

146 1015 405 1066 commemoratam
422 1028 483 1066 una
501 1029 567 1067 cum
584 1017 736 1085 unguento
754 1012 817 1068 eius
836 1009 979 1067 divinitus
998 1009 1095 1068 delato
1113 1014 1233 1068 omnino

145 1093 246 1151 fictam
273 1111 337 1152 esse
362 1103 502 1152 censeret.
534 1087 673 1172 'sequitur
699 1101 731 1151 ut
759 1093 796 1152 de
820 1114 844 1152 c.
870 1093 992 1153 XLVII
1023 1095 1163 1154 dicamus.
1201 1095 1234 1156 id

146 1181 288 1255 scriptum
313 1196 377 1237 esse
400 1177 534 1254 adparet,
562 1199 628 1236 cum
649 1180 797 1237 Veranius
824 1187 853 1238 et
873 1178 1018 1238 Fabullus
1044 1181 1157 1240 Romae
1184 1180 1235 1252 ad-

144 1266 298 1322 venissent
314 1270 403 1342 atque
422 1282 488 1320 cum
507 1262 625 1321 Catullo
643 1267 796 1342 conquesti
814 1273 911 1324 essent
928 1264 986 1322 sibi
1004 1283 1022 1321 a
1038 1264 1149 1324 Pisone
1162 1265 1234 1324 Por·

146 1350 226 1406 cium
247 1355 276 1406 et
298 1346 509 1421 Socrationem,
536 1347 670 1407 homines
697 1349 782 1406 nobis
807 1352 925 1425 ignotos
947 1352 999 1428 qui
1022 1357 1051 1408 et
1072 1353 1129 1428 ipsi
1150 1369 1234 1427 prae·

145 1439 240 1491 torem
257 1436 290 1490 in
306 1433 486 1510 Hispaniam
504 1437 636 1492 comitati
654 1441 745 1506 erant,
768 1437 951 1512 praepositos
969 1453 1040 1493 esse.
1076 1455 1148 1512 quos
1167 1455 1234 1494 cum

144 1525 234 1597 poeta
250 1520 283 1575 in
304 1517 408 1576 urbem
428 1537 560 1577 reversos
584 1517 621 1576 de
646 1517 728 1576 lucro
752 1521 784 1577 in
805 1522 961 1597 provincia
982 1519 1060 1578 facto
1083 1520 1235 1578 luxuriosa

145 1605 285 1661 convivia
301 1605 453 1674 instruere,
476 1603 590 1661 sodales
609 1612 711 1661 contra
729 1623 796 1662 suos
814 1622 900 1678 egere
922 1603 1044 1676 videret,
1067 1605 1233 1663 stomachus

146 1690 175 1746 ei
192 1695 289 1745 motus
312 1695 367 1759 est,
390 1688 637 1766 vehementerque
658 1688 725 1745 illos
747 1708 807 1745 una
833 1708 900 1746 cum
917 1689 1027 1746 Pisone
1048 1689 1161 1748 fautore
1184 1689 1234 1746 ad-

146 1775 248 1830 on‘tur.
271 1804 313 1813 -
335 1792 415 1830 nunc
441 1776 530 1830 etiam
560 1791 625 1830 eam
651 1775 852 1851 quaestionem
879 1780 947 1850 apte
972 1771 1133 1831 inferemus
1159 1793 1235 1852 quae

147 1877 237 1934 supra
255 1855 419 1916 differenda
436 1864 506 1928 erat,
526 1856 644 1935 quando
664 1877 687 1914 c.
704 1857 771 1915 XII
792 1856 930 1915 videatur
947 1859 1089 1934 scriptum
1107 1876 1178 1927 esse,
1201 1861 1234 1916 in

147 1961 205 2020 quo
228 1939 362 2001 Catullus
383 1940 523 2001 Asinium
540 1943 741 2000 Marrucinum
763 1962 855 2000 unum
878 1960 894 1999 e
916 1941 1041 2000 sudariis
1059 1940 1194 2001 Saetabis
1217 1963 1236 2001 a

145 2024 274 2085 Fabullo
297 2034 326 2085 et
345 2027 477 2085 Veranio
504 2045 542 2085 ex
563 2027 711 2104 Hispania
737 2026 794 2085 sibi
816 2026 893 2085 dono
915 2029 1012 2085 missis
1036 2029 1069 2084 in
1096 2030 1234 2086 convivio

146 2114 324 2189 surrIpuisse
349 2114 528 2171 criminatur.
564 2110 643 2191 quod
665 2131 783 2170 carmen
805 2111 934 2170 dubitari
955 2132 1015 2170 non
1040 2119 1135 2189 potest
1161 2116 1235 2191 quin

144 2205 235 2277 poeta
266 2195 437 2255 absentibus
472 2200 562 2255 etiam
597 2200 699 2254 amicis
735 2199 929 2275 conposuerit,
965 2199 1137 2274 praesertim
1168 2218 1234 2256 eum
1341 2271 1342 2274 Ἴ

146 2301 175 2340 v.
196 2282 235 2338 12
250 2300 272 2340 s.
294 2280 418 2340 liuteum
440 2280 478 2340 ab
495 2281 603 2340 Asinio
626 2281 801 2341 subductum
822 2302 883 2340 non
903 2285 992 2358 pretii
1013 2301 1110 2353 causa,
1133 2282 1186 2341 sed
1203 2290 1236 2341 ut

148 2365 400 2444 ‘mnemosynum'
420 2369 467 2426 sui
484 2365 593 2425 sodalis
611 2367 668 2426 sibi
686 2387 786 2425 carum
804 2384 868 2425 esse
885 2365 973 2424 dieat.
1005 2374 1150 2426 attamen
1169 2387 1235 2426 cum

146 2450 304 2510 manifesto
312 2452 426 2510 Romae
439 2450 590 2510 conditum
600 2455 638 2509 sit
647 2451 703 2510 hoc
712 2454 899 2529 poematium,
914 2454 1017 2530 nequit
1031 2472 1109 2510 anno
1120 2451 1234 2528 697j57

148 2535 309 2612 adsignari,
333 2539 442 2615 quippe
465 2556 523 2615 quo
549 2535 683 2594 Catullus
704 2539 737 2595 in
758 2537 902 2614 Bithynia
923 2539 1040 2595 vixerit.
1074 2540 1174 2614 itaque
1196 2537 1235 2594 ad

147 2639 202 2680 ver
218 2624 401 2700 insequentis
419 2624 491 2679 anni
507 2620 689 2692 deducimur,
707 2629 901 2700 putemusque
918 2629 1035 2698 poetam
1056 2625 1128 2680 istos
1145 2625 1236 2680 versi-

148 2707 231 2766 culos
261 2704 366 2765 fecisse
396 2707 480 2765 brevi
510 2713 577 2783 post
606 2726 695 2785 quam
721 2706 851 2777 Verona,
883 2705 935 2763 ubi
965 2725 1032 2764 eum
1062 2724 1100 2764 ex
1129 2709 1235 2764 itinere

147 2790 309 2869 Bithynico
325 2794 454 2871 primum
471 2810 580 2868 paucos
598 2789 662 2849 dies
679 2798 887 2848 commoratum
900 2808 963 2848 esse
976 2793 1092 2861 scimus,
1110 2791 1235 2848 Romam

147 2879 287 2936 venisset.
322 2879 374 2954 qui
392 2879 455 2948 etsi,
473 2883 506 2933 ut
523 2875 660 2947 vidimus,
679 2875 778 2954 aliquo
796 2882 927 2952 tempore
943 2882 1009 2952 post
1026 2874 1189 2933 Veranium
1207 2882 1236 2934 et

147 2959 309 3020 Fabullum
334 2963 366 3018 in
392 2963 575 3039 provinciam
601 2961 727 3032 abierat,
757 2968 857 3018 tamen
884 2959 983 3038 paullo
1010 2962 1091 3037 prius
1117 2959 1177 3017 illis
1203 2963 1236 3018 in

147 3045 268 3106 Italiam
298 3049 427 3105 revertit.
467 3064 564 3123 neque
593 3045 662 3103 huie
691 3048 832 3123 temporis
862 3044 1029 3103 definitioni
1058 3043 1119 3102 ullo
1149 3043 1236 3103 modo

148 3138 297 3208 repugnat
318 3129 397 3209 quod
418 3150 447 3189 v.
471 3131 489 3187 9
514 3129 547 3188 G.
570 3129 677 3202 Pollio,
704 3130 805 3188 Asinii
826 3131 988 3188 Marrucini
1010 3130 1110 3202 frater,
1137 3130 1235 3207 ‘puer’

149 3215 266 3275 dicitur.
301 3219 442 3293 quicum
464 3215 569 3274 Tacito
592 3215 661 3273 dial.
684 3235 708 3273 c.
728 3216 768 3272 34
791 3223 908 3273 auctore
931 3214 1022 3273 altero
1045 3222 1074 3272 et
1096 3217 1236 3273 vicesimo

149 3303 255 3359 aetatis
286 3319 364 3358 anno
392 3299 425 3359 (i.
454 3298 596 3359 Catonem
628 3303 811 3358 accusaverit
842 3297 913 3378 (qua
944 3298 981 3358 de
1012 3302 1127 3358 actione
1158 3298 1236 3357 conf.

148 3384 342 3444 Drumannus
368 3383 410 3457 Π,
437 3405 469 3470 p,
490 3386 562 3453 3‚et
579 3385 620 3460 V,
642 3406 670 3463 p.
695 3383 781 3461 204),
809 3388 940 3462 sequitur
964 3392 997 3442 ut
1019 3405 1044 3440 a.
1068 3380 1182 3462 stelas
1204 3387 1237 3442 in

149 3469 246 3529 lucem
272 3473 311 3528 sit
336 3469 440 3528 editus.
480 3477 544 3528 erat
564 3473 668 3545 igitur,
697 3489 762 3528 cum
786 3469 920 3528 Catullus
947 3488 971 3526 c.
998 3469 1064 3526 XII
1090 3468 1237 3540 scriberet,

149 3553 339 3630 undeviginti
356 3574 450 3613 annos
467 3562 554 3612 natus
572 3561 743 3633 poteratque
756 3557 865 3631 optimo
879 3557 942 3612 iure
957 3575 974 3611 a
986 3562 1074 3631 poeta
1087 3553 1237 3632 aliquanto

149 3642 262 3698 manre
291 3659 367 3715 puer
396 3643 509 3709 vocari,
545 3642 628 3697 cuius
659 3641 787 3697 nominis
818 3641 899 3697 notio
934 3659 994 3696 non
1024 3640 1119 3714 magis
1150 3657 1239 3716 quam

150 3725 337 3782 adulescentis
359 3727 446 3783 certis
468 3724 576 3782 finibus
599 3727 820 3802 circumscripta
842 3731 886 3782 est
903 3719 992 3798 (conf.
1010 3724 1139 3781 Manutii
1163 3742 1239 3780 com·

149 3816 240 3868 ment.
265 3811 299 3867 in
322 3806 384 3867 Cic.
410 3811 493 3889 epist.
522 3809 558 3866 ad
586 3808 654 3867 fam.
677 3809 711 3868 II
736 3812 762 3881 l,
788 3829 817 3886 p.
842 3807 902 3865 145
931 3817 960 3866 et
984 3810 1044 3865 146
1067 3805 1113 3866 ed.
1134 3803 1240 3885 Lips.).

150 3896 263 3972 virrque
289 3891 424 3953 Catullus
451 3892 490 3951 ad
514 3893 642 3952 hominis
668 3901 741 3952 natu
767 3896 856 3953 etiam
881 3895 1003 3951 minoris
1033 3891 1177 3952 iudicium
1204 3892 1241 3950 de

150 3977 238 4038 furtis
258 3978 361 4038 Asinii
382 3979 545 4039 Marrucini
567 3982 610 4037 ita
636 3982 721 4037 utin
747 3977 803 4038 hoc
830 3981 959 4036 carmine
985 3977 1056 4037 fecit
1081 3996 1241 4058 provocare

1030 4072 1070 4115 D}
