2842 4386
618 237 733 293 LIBER

229 359 284 426 sed
302 360 385 424 bello
402 359 476 426 huic
494 381 597 444 neque
616 382 725 426 servus
744 370 792 425 est
809 381 912 444 neque
930 382 1012 427 arca.

228 453 289 518 hoc
306 465 341 517 tu
358 475 454 536 quam
472 454 561 520 lubet
578 455 668 520 abice
686 455 852 538 elevaque:

229 568 289 612 nec
307 569 434 612 servum
452 557 558 613 tamen
575 547 630 614 ille
647 547 743 613 hahet
760 569 864 632 neque
882 568 996 612 arcam.
1201 565 1240 620 lc

613 868 728 936 XXV.

228 984 370 1053 Cinaede
388 988 512 1063 Thalle,
529 988 654 1053 mollior
671 987 810 1053 cuniculi
827 988 941 1073 capillo

228 1081 280 1144 vel
299 1082 416 1147 anseris
435 1082 608 1147 medullula
625 1083 677 1147 vel
694 1082 792 1147 imula
809 1082 951 1147 auricilla

227 1174 278 1237 vel
295 1196 377 1259 pene
394 1174 545 1260 languido
563 1175 647 1240 senis
665 1175 791 1259 situque
808 1196 972 1251 araneoso,

226 1265 377 1351 idemque
392 1268 505 1334 Thalle
523 1268 650 1333 turbida
666 1268 810 1353 rapacior
827 1269 977 1354 procella,

229 1380 301 1424 cum
320 1361 394 1439 diva
411 1365 428 1442 l
444 1361 642 1427 mulierarios
661 1362 798 1427 ostendit
815 1361 995 1438 oscitantes,
1200 1377 1224 1435 5

227 1454 351 1521 remitte
369 1455 499 1540 pallium
517 1455 595 1520 mihi
612 1478 730 1532 meum,
749 1455 835 1539 quod
850 1455 1008 1532 involasti,

228 1548 454 1633 sudariumque
469 1548 649 1615 Saetabum
666 1549 939 1634 catagraphosque
956 1548 1098 1634 Thynos,

227 1641 345 1726 inepte,
367 1663 450 1725 quae
467 1643 573 1728 palam
590 1642 671 1707 soles
688 1641 806 1707 habere
824 1651 986 1726 tamquam
1004 1642 1097 1708 avita.

228 1755 310 1818 quae
328 1757 413 1801 nunc
430 1736 493 1801 tuis
510 1736 552 1800 ab
570 1734 731 1820 unguibus
748 1734 907 1819 reglutina
923 1745 954 1801 et
970 1731 1106 1815 remitte,

227 1851 268 1894 ne
286 1829 413 1895 laneum
430 1830 621 1894 latusculum
638 1849 813 1911 manusque
830 1828 1016 1895 mollicellas
1201 1845 1241 1901 10

227 1921 334 1988 inusta
351 1924 484 2008 turpiter
501 1923 559 1987 tibi
576 1922 704 2008 flagella
722 1922 965 2001 conscribillent,
1254 1921 1257 1927 ’

229 2026 261 2081 et
279 2016 450 2082 insolenter
467 2027 592 2082 aestues
610 2017 697 2081 velut
715 2016 836 2081 minuta
853 2038 971 2103 magno

228 2110 384 2195 deprensa
401 2110 491 2176 navis
507 2111 541 2175 in
559 2110 639 2174 mari
655 2109 839 2175 vesaniente
857 2120 962 2177 vento.

605 2423 738 2491 XXVI.

291 2543 381 2620 Furi,
398 2542 508 2608 villula
525 2553 630 2608 vestra
647 2565 711 2607 non
729 2542 771 2607 ad
788 2542 887 2607 austri

291 2638 384 2702 flatus
402 2635 546 2720 opposita
564 2645 612 2701 est
628 2658 731 2718 neque
749 2635 790 2699 ad
808 2634 916 2700 favoni

291 2751 351 2797 nec
368 2729 455 2795 saevi
473 2728 588 2794 boreae
606 2739 662 2793 aut
679 2729 845 2814 apeliotae,

293 2845 404 2889 verum
422 2821 463 2886 ad
480 2821 568 2886 milia
584 2821 764 2905 quindecim
783 2832 815 2887 et
832 2821 993 2887 ducentos.

292 2940 311 2984 o
329 2927 460 2984 ventum
477 2914 662 2982 horribilem
679 2926 775 3000 atque
791 2914 1004 3002 pestilenteml

594 3229 745 3298 XXVII.

291 3349 441 3417 Minister
458 3349 557 3414 vetuli
574 3372 654 3436 puer
670 3348 809 3427 Falerni,

289 3445 381 3530 inger
396 3444 441 3508 mi
458 3443 571 3509 calices
589 3443 769 3520 amariores,

290 3548 329 3602 ut
344 3539 395 3603 lex
411 3537 596 3602 Postumiae
613 3537 701 3602 iubet
716 3536 897 3622 magistrae,

292 3631 416 3696 ebrioso
434 3631 525 3696 acino
543 3629 732 3695 ebriosioris.

292 3736 324 3789 at
341 3747 397 3790 vos
415 3745 478 3809 quo
494 3724 584 3790 lubet
600 3723 674 3788 hinc
691 3724 785 3800 abite,
803 3722 963 3810 lymphae,
1198 3738 1223 3792 5
1245 3756 1250 3799 ς

293 3818 358 3882 vini
376 3817 541 3904 pernicies,
560 3827 592 3882 et
608 3817 651 3882 ad
668 3839 795 3883 severos

290 3911 437 3997 migrate:
459 3911 634 3978 hicmarus
652 3920 701 3976 est
716 3910 935 3996 Thyonianus.
1055 3972 1058 3978 .
