2842 4386
708 198 879 257 CATULLI

409 324 557 411 respondi
574 323 608 388 id
624 323 711 408 quod
728 333 805 400 erat,
823 321 903 388 nihil
919 344 1025 408 neque
1043 324 1124 411 ipsis
1151 366 1154 375 ‹

409 420 472 484 iam
489 419 687 505 praetoribus
705 440 774 484 esse
792 439 851 482 nec
869 417 1000 496 cohorti,

404 537 467 580 vcur
483 514 652 598 quisquam
670 522 767 598 caput
784 510 909 576 unctius
927 512 1068 590 referret,

407 607 594 694 praesertim
610 607 726 691 quibus
745 617 827 672 esset
843 605 1018 671 irrumator

408 711 535 788 praetor
552 723 611 767 nec
628 701 748 766 faceret
764 699 820 785 pili
838 699 1008 765 cohortem.

409 801 558 861 ‘atcerte
576 793 695 860 tamen’
714 793 870 876 inquiunt,
890 793 992 877 ‘quod
1008 792 1074 860 illio

408 900 519 954 natum
538 888 653 954 dicitur
669 909 749 964 esec,
768 887 946 972 conparasti

408 983 449 1048 ad
466 982 609 1047 lecticam
627 980 790 1047 homines?
827 1003 897 1066 ego,
915 990 952 1046 ut
968 981 1099 1067 puellae

408 1099 509 1142 unum
526 1099 578 1142 me
595 1076 733 1140 facerem
752 1075 934 1150 beatiorem,

409 1169 502 1235 ‘non'
519 1170 650 1253 inquam
668 1168 760 1232 ‘mihi
778 1179 843 1232 tam
860 1168 921 1233 fuit
938 1168 1087 1254 maligne,

408 1275 455 1340 ut,
473 1263 635 1349 provincia
652 1262 738 1346 quod
755 1263 840 1326 mala
856 1261 1027 1339 incidisset,

406 1379 473 1422 non
487 1374 616 1443 possem
633 1366 704 1421 octo
723 1356 865 1420 homines
883 1378 995 1440 parare
1011 1354 1136 1421 rectoa'

409 1461 441 1516 at
458 1451 502 1514 mi
519 1451 625 1515 nullus
643 1460 709 1514 erat
725 1471 829 1532 neque
847 1449 898 1513 hic
915 1471 1018 1533 neque
1032 1449 1111 1526 illic,

408 1544 545 1610 fractum
564 1545 617 1627 qui
636 1543 751 1608 veteris
770 1543 883 1628 pedem
900 1543 1026 1628 grabati

408 1638 442 1703 in
459 1639 540 1703 collo
559 1638 620 1725 sibi
637 1638 790 1702 collocare
808 1646 924 1721 posset.

408 1733 461 1798 hic
477 1733 542 1808 illa,
559 1742 596 1795 ut
612 1731 718 1796 decuit
734 1731 955 1806 cinaediorem‚

410 1826 556 1911 ‘quaeso’
575 1824 678 1909 inquit
695 1824 797 1902 ‘mihi,
815 1824 860 1887 mi
879 1822 1015 1898 Catulle,
1032 1820 1175 1907 paullum

409 1920 501 1985 istos:
520 1920 722 1983 commodum
740 1919 825 1983 enim
842 1917 915 1981 volo
933 1917 974 1981 ad
992 1915 1141 2000 Sarapim

409 2013 545 2078 deferri!
581 2012 703 2077 ‘mane'
721 2012 821 2095 inquii
839 2011 975 2096 puellae,

410 2106 510 2171 ‘istud
527 2105 613 2189 quod
630 2106 724 2169 modo
743 2106 885 2169 dixeram
902 2128 954 2171 me
971 2103 1100 2182 habere,

410 2199 495 2286 fugit
512 2222 563 2264 mc
580 2199 674 2263 ratio:
692 2220 782 2264 meus
800 2198 917 2263 sodalis

412 2291 518 2358 Cinna
535 2304 582 2359 cst
600 2291 717 2369 Gaius3
736 2293 763 2357 is
781 2293 841 2357 sibi
859 2292 992 2378 paravit.

410 2410 532 2464 verum,
550 2397 655 2451 utrum
673 2387 757 2451 illius
775 2410 815 2451 au
833 2387 906 2464 mei,
925 2386 1002 2470 quid
1019 2387 1061 2452 ad
1076 2385 1148 2451 me?

410 2491 482 2546 utor
499 2491 564 2544 tam
581 2480 664 2545 bene
680 2501 778 2564 quam
795 2480 872 2544 mihi
889 2480 1036 2565 pararim.

411 2574 469 2640 scd
486 2585 522 2639 tu
539 2574 660 2639 insulsa
676 2576 758 2640 male
777 2584 808 2640 et
826 2576 957 2640 molesta
974 2575 1065 2652 vivis,

411 2691 470 2754 per
485 2689 583 2753 quam
599 2669 754 2733 nonlicet
771 2691 840 2733 esse
857 2668 1099 2755 neglegentem?

710 2891 880 2903 ..ι-

757 3085 822 3151 XL

411 3211 489 3277 Furi
507 3222 538 3276 et
556 3212 679 3289 Aureli,
697 3210 828 3278 comites
847 3211 975 3289 Catulli,

411 3304 528 3370 sivein
546 3316 702 3371 extremos
719 3306 897 3390 penetrabit
914 3307 1023 3384 Indos,

409 3399 485 3464 litus
502 3408 539 3462 ut
555 3400 651 3484 longe
668 3411 835 3466 resonante
852 3401 923 3466 an

410 3491 553 3557 tunditur
570 3491 666 3570 unda,

411 3697 529 3763 sivein
546 3699 714 3782 Hyrcanos
732 3699 899 3764 Arabasve
916 3699 1032 3765 molles

410 3814 468 3856 seu
486 3790 585 3857 Sacas
603 3791 835 3877 sagittiferosve
852 3791 998 3870 Parthos,

410 3884 478 3952 sive
496 3907 560 3969 qua
577 3885 844 3971 septemgeminus
857 3886 980 3951 'colorat

410 4000 549 4064 aequora
565 3979 667 4058 Nilus,
