2842 4386
701 245 870 304 CATULLI

610 419 613 425 '
698 436 866 501 uxxur.

253 555 391 620 [Desine
410 555 449 620 de
467 576 628 638 quoquam
646 555 817 638 quicquam
836 555 919 620 bene
936 557 1018 623 velle
1035 558 1151 625 mereri

312 650 522 732 autaliquem
540 651 608 714 fieri
626 671 719 734 posse
737 660 849 734 putare
867 651 966 734 pium.

270 744 376 808 omnia
393 754 467 807 sunt
481 744 619 828 ingrata,
635 743 715 808 nihil
732 743 846 810 fecisse
864 745 1002 829 benigne

311 837 375 901 iam
392 836 494 900 iuvat:
512 838 608 902 immo
627 838 721 902 etiam
740 837 846 902 taedet
863 837 1016 921 obestque
1033 838 1148 924 magis,
1249 848 1252 853 ’

234 939 305 999 but
321 930 409 1005 mihi,
427 951 522 1011 quem
539 953 632 1009 nemo
651 931 779 1016 gravius
797 953 857 995 nec
874 932 1020 996 acerbius
1038 945 1142 1016 urget,

246 1066 253 1086 t
311 1045 408 1108 quam
417 1025 512 1089 modo
522 1025 576 1110 qui
589 1048 640 1089 me
650 1047 749 1088 unum
764 1034 859 1106 atque
874 1025 1005 1090 unicum
1018 1025 1157 1091 amicum
1170 1025 1292 1093 habuit.

690 1464 860 1551 LXXIV.
994 1498 999 1505 ·

269 1583 391 1650 Gellius
409 1585 554 1649 audierat
570 1595 719 1669 patruum
736 1585 906 1670 obiurgare
925 1586 1036 1663 solere,

309 1679 407 1762 siquis
426 1676 553 1744 delicias
572 1678 691 1743 diceret
708 1690 764 1742 aut
780 1678 909 1744 faceret.
1124 1742 1128 1749 f

266 1772 327 1839 hoc
343 1795 385 1837 ne
401 1773 461 1857 ipsi
480 1773 648 1853 accideret2
663 1771 769 1857 patrui
786 1773 971 1857 perdepsuit
987 1773 1090 1858 ipsam
1105 1832 1109 1842 .

309 1888 441 1930 uxorem
458 1877 489 1931 et
506 1877 655 1950 patruum
672 1865 809 1930 reddidit
826 1867 1069 1950 Harpocratem.

231 1974 249 2029 5
266 1960 353 2043 quod
370 1960 470 2024 voluit
487 1960 576 2024 fecit:
595 1983 680 2035 uam,
698 1959 843 2043 quamvis
861 1960 998 2024 intumet
1015 1961 1121 2045 ipsum

308 2075 392 2118 nunc
409 2064 569 2139 patruum,
587 2053 721 2118 verbum
737 2075 802 2117 non
820 2053 916 2118 faciet
933 2063 1074 2139 patruus.

688 2283 860 2297 m

698 2495 846 2578 cxxv.

249 2615 360 2680 {Nulla
377 2625 483 2700 potest
499 2613 612 2679 mulier
628 2623 751 2678 tanturn
769 2637 804 2679 se
822 2615 927 2680 dicere
944 2625 1084 2680 amatam
1160 2638 1287 2682 mm

306 2731 392 2784 vere,
410 2718 565 2793 quantum
583 2731 603 2771 a
621 2731 672 2772 me
690 2708 811 2773 Lesbia
828 2718 932 2772 amata
950 2709 1060 2774 mea’s.

263 2803 351 2868 nulla
367 2803 446 2868 fides
464 2802 528 2865 ullo
546 2802 606 2865 fuit
624 2823 777 2884 umquam
795 2803 828 2866 in
845 2803 973 2868 foedere
989 2813 1089 2880 tanta,

305 2907 424 2979 quanta
441 2895 474 2958 in
493 2917 598 2959 amore
617 2905 671 2960 tuo
689 2917 729 2961 ex
747 2909 836 2979 parte
854 2907 978 2981 reperta
995 2906 1105 2962 meast.

227 3004 347 3057 cnunc
366 2999 413 3054 est
430 3011 519 3053 mens
538 2989 666 3053 diducta
682 3001 747 3066 tua,
766 2989 987 3067 meaLesbia,
1006 2991 1110 3075 culpa,
1206 3015 1285 3058 mr

306 3095 401 3166 atque
418 3083 463 3146 ita
480 3105 515 3146 se
533 3082 637 3147 officio
655 3083 792 3168 perdidit
808 3084 878 3168 ipsa
896 3105 964 3160 suo,

263 3188 298 3242 ut
315 3177 379 3241 iam
396 3175 555 3240 nec‘bene
572 3176 654 3241 velle
672 3187 770 3259 queat
786 3177 855 3254 tibi,
873 3177 900 3240 si
918 3177 1038 3262 optima
1054 3178 1125 3257 fias,

304 3292 363 3336 nec
381 3270 532 3335 desistere
550 3293 666 3346 amare,
684 3270 791 3335 omnia
806 3271 834 3334 si
851 3270 960 3337 facias.

689 3712 855 3778 LXXVI.
898 3741 901 3747 ·

262 3828 363 3913 Siqua
381 3830 558 3896 recordanti
576 3830 744 3896 benefacta
761 3832 867 3916 priora
884 3832 1032 3917 voluptas

303 3933 352 3989 est
369 3923 500 4002 homini,
519 3947 592 3989 cum
610 3947 643 3988 se
662 3925 780 4010 cogitat
799 3948 868 3990 esse
885 3926 984 4010 pium,

259 4040 320 4083 nec
336 4029 479 4084 sanctam
496 4019 631 4084 violasse
649 4018 755 4096 fidem,
774 4041 834 4084 nec
851 4019 979 4086 foedere
996 4019 1029 4083 in
1046 4018 1114 4085 ullo
