2842 4386
643 256 811 314 CATULLI

302 380 542 463 desideratoque
561 380 795 464 adquiescimus
813 380 905 445 lecto.

302 475 362 539 hoc
380 486 428 540 cst
445 475 531 558 quod
548 498 648 539 unum
670 484 719 539 est
734 496 791 559 pro
809 474 971 539 laboribus
990 472 1097 538 tantis.

302 569 398 644 salve,
417 590 436 632 ο
454 579 588 633 venusta
606 567 735 644 Sirmio,
753 577 849 650 atque
866 590 920 632 ero
938 567 1058 652 gaude:
1133 631 1135 635 ,

301 662 438 748 gaudete
455 683 512 725 vos
531 683 669 745 quoque,
686 661 803 726 incitae
821 662 909 725 lacus
927 660 1047 726 undaez

300 756 410 832 ridete,
430 756 586 839 quidquid
603 767 651 819 est
669 755 754 819 domi
772 754 1010 820 cachinnorum.
1129 794 1135 807 ι

643 945 812 956 ..ι-

649 1103 806 1167 XXXII.

386 1223 525 1300 Amab0‚
544 1246 616 1287 mea
634 1223 735 1287 dulcis
752 1221 899 1307 Ipsitilla,

385 1340 476 1381 meae
494 1317 636 1391 deliciae,
653 1317 718 1381 mei
734 1317 869 1402 lepores,

386 1410 462 1474 iube
480 1411 522 1474 ad
539 1421 569 1474 te
587 1409 713 1474 veniam
730 1410 944 1474 meridiatum.

387 1515 419 1569 et
435 1505 463 1568 si
480 1504 608 1569 iusseris
626 1503 715 1578 illud,
734 1502 884 1567 adiuveto

386 1599 499 1681 nequis
517 1598 633 1661 liminis
652 1598 777 1662 obseret
794 1598 955 1674 tabellam,

297 1740 300 1745 «
386 1715 450 1758 neu
468 1692 525 1756 tibi
542 1693 651 1756 lubeat
668 1693 753 1756 foras
768 1692 868 1768 abire,

389 1787 446 1852 sed
464 1787 550 1850 domi
568 1809 697 1850 maneas
715 1807 870 1870 paresque
887 1783 981 1850 nobIs

386 1900 501 1946 novem
519 1881 685 1945 continuas
703 1879 886 1945 lutationes.

387 1995 509 2050 verum,
527 1974 634 2057 siquid
652 1995 738 2058 ages,
757 1973 863 2037 statim
880 1972 1006 2037 iubeto:

388 2090 462 2131 nam
480 2090 614 2152 pransus
632 2068 721 2132 iaceo
740 2076 773 2132 et
789 2078 878 2131 satur
895 2065 1029 2151 supinus

389 2161 546 2246 pertundo
565 2161 769 2245 tunicamque
786 2161 991 2247 palliumque.

527 2509 817 2594 ¹namn

390 2626 422 2693 Ο
441 2627 549 2692 furum
567 2628 684 2713 opdme
702 2628 948 2705 balneariorum,

387 2720 527 2790 Vibenni
544 2732 645 2805 pater,
663 2735 696 2786 et
713 2722 843 2786 cinaede
861 2722 916 2798 fili,

388 2817 475 2896 (nam
493 2816 604 2880 dextra
625 2828 717 2902 pater
731 2816 956 2898 inquinaticrc‚
975 2847 977 2851 ⁷

389 2911 460 2974 culo
478 2910 561 2974 filius
579 2919 628 2975 cst
644 2910 819 2991 voraciore)

391 3025 448 3068 cur
464 3025 528 3067 non
541 3003 671 3069 exilium
685 3003 848 3087 malasque
865 3002 898 3065 in
914 3023 986 3066 oras

390 3097 461 3161 itis?
483 3097 740 3180 quandoquidem
762 3095 860 3182 patris
877 3095 1007 3180 rapinae

389 3199 482 3255 notae
500 3200 573 3254 sunt
591 3191 718 3275 populo,
736 3202 768 3256 ct
784 3190 867 3254 natis
884 3190 1014 3275 pilosas,

389 3284 445 3362 fili,
462 3305 527 3349 non
544 3294 635 3370 potes
653 3306 724 3348 asse
741 3283 915 3349 venditare.

646 3470 817 3485 m

642 3630 817 3698 XXXIV.

389 3752 517 3818 Dianae
535 3773 643 3816 sumus
661 3752 695 3815 ih
711 3751 774 3816 fide

454 3845 580 3931 puellae
585 3854 630 3925 ct
646 3845 737 3930 pueri
755 3843 885 3929 integri:

453 3939 593 4004 DIanam
611 3939 701 4024 pueri
718 3937 845 4024 integri)

453 4034 641 4118 puellaeque
659 4054 825 4098 canamus.
863 4090 866 4095 .
