2842 4386
573 223 689 278 LIBER
1116 208 1157 272 41

139 366 200 430 ego
217 367 303 409 nunc
321 344 416 411 deum
434 344 577 408 ministra
594 356 626 410 et
645 343 783 430 Cybeles
800 344 921 410 famula
937 346 1042 411 ferar?

139 461 200 524 ego
217 461 356 514 maenas,
376 460 436 523 ego
454 440 517 502 mei
534 446 618 523 pars,
638 461 698 524 ego
716 439 765 503 vir
782 440 895 504 sterilis
913 441 985 504 ero?

139 553 200 617 ego
218 533 327 596 viridis
345 533 453 617 algida
470 533 547 595 Idae
566 533 638 597 nive
656 534 772 597 amiota
789 535 859 599 looa
877 534 998 598 oolam?
1177 546 1216 600 'to

139 647 200 710 ego
218 626 316 691 vitam
335 649 427 711 agam
447 626 506 689 sub
525 627 596 690 altis
613 625 775 710 Phrygiae
793 627 1013 703 columinibus,

139 718 195 782 ubi
213 741 306 784 oerva
324 719 519 794 silvicultrix,
537 719 592 783 ubi
611 742 688 804 aper
705 720 947 805 nemorivagus?

139 812 202 874 iam
221 813 285 876 iam
303 813 388 878 dolet
405 812 491 895 quod
510 813 571 896 egi,
590 813 653 876 iam
671 813 797 896 iamque
815 813 975 898 paenitet.'

138 905 237 970 roseis
255 917 292 970 ut
308 905 382 970 huio
401 906 523 970 labellis
541 906 661 970 sonitus
679 907 760 971 oitus
778 907 856 970 abiit

139 999 283 1083 geminas
300 1000 409 1064 matris
427 1000 468 1064 ad
486 999 570 1063 auris
588 1021 671 1064 nova
689 1000 800 1065 nuntia
816 1000 967 1076 referens,
1177 1015 1216 1069 75

139 1092 183 1155 ibi
200 1092 309 1157 iuncta
325 1094 401 1178 iuga
418 1095 579 1158 resolvens
598 1092 720 1178 Cybele
738 1095 883 1160 leonibus

139 1186 330 1269 laevumque
347 1187 469 1271 peeoris
488 1187 609 1252 bostem
628 1188 792 1253 stimulans
811 1188 855 1252 ita
871 1188 1020 1272 loquitur.

140 1279 308 1365 ‘agedum'
330 1280 433 1363 inquit
455 1289 529 1366 ‘age
547 1281 638 1346 ferox
655 1281 676 1357 i,
699 1282 771 1346 faoe
788 1292 824 1345 ut
841 1281 927 1347 huno
945 1284 1032 1346 furor
1050 1280 1158 1366 agitet,

139 1371 210 1438 faoe
227 1374 273 1437 uti
291 1374 407 1437 furoris
424 1373 489 1438 iotu
506 1374 642 1438 reditum
660 1374 694 1438 in
711 1397 840 1439 nemora
857 1375 949 1451 ferat,

140 1489 212 1531 mea
229 1465 327 1531 libere
345 1467 438 1530 nimis
455 1468 510 1549 qui
528 1468 638 1552 fugere
657 1468 789 1552 imperia
807 1469 903 1553 cupit.

139 1581 200 1644 age
217 1560 314 1625 caede
332 1571 421 1646 terga
438 1561 550 1635 canda,
574 1571 629 1624 tua
645 1562 778 1626 verbera
795 1573 912 1645 patere,

139 1652 210 1717 face
227 1664 341 1717 ounota
359 1653 512 1736 mugienti
531 1653 657 1716 fremitu
674 1653 745 1718 looa
762 1665 915 1731 retonent,

139 1746 265 1810 rutilam
283 1747 372 1812 ferox
390 1758 495 1809 torosa
513 1747 634 1811 nervice
652 1757 748 1828 quate
764 1746 894 1811 iubam’

140 1839 185 1902 ait
201 1839 280 1904 haee
297 1840 404 1904 minax
424 1837 558 1923 Cybebe
575 1840 752 1924 religatque
769 1840 846 1925 iuga
863 1864 970 1905 manu.

139 1931 226 1997 ferus
242 1933 311 2018 ipse
329 1956 397 1998 sese
416 1933 586 1997 adhortans
604 1933 751 2017 rapidum
767 1933 878 1998 incitat
895 1935 1011 2010 animo,

139 2026 235 2102 vadit,
254 2028 369 2103 fremit,
388 2027 531 2111 refringit
550 2026 688 2112 virgulta
705 2027 787 2111 pede
804 2049 898 2114 vag0.

139 2132 173 2185 at
188 2121 244 2185 ubi
261 2121 369 2185 umida
387 2120 550 2186 albicantis
568 2121 638 2184 loca
654 2121 754 2185 litoris
772 2122 859 2199 adiit,

139 2227 343 2298 teneramque
360 2215 439 2279 vidit
456 2215 550 2279 Attin
566 2235 665 2300 prope
682 2239 840 2281 marmora
857 2215 973 2302 pelagi,

139 2308 216 2373 faoit
232 2310 398 2394 impetum:
422 2309 477 2372 illa
494 2310 623 2373 demens
640 2308 725 2393 fugit
741 2309 775 2373 in
792 2310 1020 2375 nemoralem:

139 2402 183 2465 ibi
202 2426 326 2488 semper
345 2424 438 2466 omne
457 2403 541 2466 vitae
559 2402 697 2486 spatium
715 2403 834 2467 famula
851 2403 920 2466 fuit.

140 2496 209 2574 dea,
226 2520 343 2582 magna
361 2497 430 2571 dea,
450 2494 594 2581 Cybebe,
614 2496 673 2559 dea
691 2496 819 2560 domina
836 2496 1002 2582 Dindymi,

138 2592 248 2679 procul
266 2615 286 2655 a
303 2613 374 2654 mea
391 2600 465 2653 tuus
484 2590 525 2653 sit
541 2589 630 2653 furor
647 2589 759 2664 omnis,
780 2612 843 2666 era,
863 2591 972 2654 domo:

139 2686 217 2750 alios
234 2706 295 2770 age
312 2683 467 2757 incitatos,
485 2680 563 2745 alios
581 2702 641 2765 age
658 2680 795 2746 rabidos.

561 2869 731 2881 ———-—

582 3028 711 3093 LXIV.

138 3152 266 3218 Peliaco
284 3150 445 3235 quondam
463 3158 636 3232 prognatae
654 3147 770 3212 vertice
789 3148 883 3232 pinus

139 3247 285 3311 dicuntur
301 3244 438 3328 liquidas
456 3241 596 3326 Neptuni
614 3263 706 3305 nasse
726 3263 783 3326 per
799 3242 900 3306 undas

137 3339 292 3405 Phasidos
311 3339 352 3403 ad
369 3338 483 3401 fluetus
501 3348 533 3400 et
549 3335 628 3398 fines
646 3336 795 3411 Aeeteos,

138 3456 210 3500 oum
228 3433 300 3498 leoti
318 3433 458 3505 iuvenes,
476 3429 617 3512 Argivae
636 3429 749 3492 robora
766 3427 870 3512 pubis,

138 3537 281 3592 auratam
298 3535 441 3610 optantes
460 3521 588 3587 Colohis
607 3532 748 3586 avertere
766 3522 882 3606 pellem

137 3621 207 3686 ausi
224 3631 297 3685 sunt
313 3619 396 3682 vada
413 3618 496 3681 salsa
514 3617 576 3680 cita
594 3617 759 3679 decurrere
776 3615 888 3699 puppi,

138 3715 263 3781 caerula
281 3722 441 3777 verrentes
460 3710 603 3794 abiegnis
623 3731 761 3792 aequora
778 3709 901 3793 palmis.

137 3808 212 3873 diva
228 3807 343 3890 quibus
360 3806 497 3870 retinens
515 3804 547 3867 in
566 3802 697 3867 summis
715 3802 847 3866 urbibus
866 3823 955 3867 arces

136 3902 207 3987 ipsa
222 3901 285 3966 levi
303 3899 382 3965 feeit
399 3898 583 3962 volitantem
600 3896 728 3960 flamine
746 3918 883 3972 currum,

66 4059 71 4068 ,
136 3995 232 4082 pinea
249 3994 445 4078 coniungens
463 3991 597 4055 inflexae
615 4000 702 4056 texta
720 3990 855 4054 carinae.
