2842 4386
602 283 605 288 ·
625 261 742 326 LIBER

381 415 519 477 namque
537 394 634 462 Vinia
650 394 784 470 Manlio,

448 488 550 570 qualis
567 487 705 552 Idalium
724 488 830 552 colens

448 581 534 645 venit
552 580 595 645 ad
610 580 789 666 Phrygium
807 583 919 646 Venus

382 674 530 750 iudicem,
548 675 632 738 bona
650 697 723 739 cum
741 674 825 738 hona
972 704 974 709 ’

447 768 546 833 nubet
564 768 637 832 alite
654 768 758 853 virgo,

382 937 501 1001 floridis
519 938 606 1001 velut
624 936 745 1002 enitens

446 1041 569 1115 myrtus
586 1031 667 1095 Asia
684 1031 824 1106 ramulis,

448 1145 529 1207 quos
547 1124 778 1209 hamadryades
797 1125 876 1190 deae

383 1216 541 1282 ludicrum
559 1217 620 1281 sibi
637 1218 743 1283 rosido

446 1311 590 1376 nutriunt
599 1305 749 1376 humore.
834 1389 837 1399 ¹

383 1502 481 1564 quare
500 1504 560 1566 ago
577 1481 640 1546 huc
658 1481 778 1546 aditum
797 1480 907 1546 ferens
966 1513 972 1519 ·

446 1597 544 1660 perge
561 1574 704 1656 linquere
722 1574 883 1658 Thespiae

446 1669 535 1752 rupis
552 1667 676 1732 Aonios
694 1688 818 1752 specus,

383 1763 526 1847 nympha
543 1782 623 1844 quos
641 1783 737 1846 super
753 1761 871 1846 inrigat
950 1821 970 1830 Α.

447 1855 603 1941 frigerans
620 1855 804 1940 Aganippe,

383 2048 421 2090 ac
440 2025 569 2090 domum
586 2026 748 2090 dominam
764 2045 849 2110 voca
965 2057 969 2063 ·

446 2120 590 2205 coniugis
609 2120 759 2205 cupidam
775 2118 861 2195 novi,

447 2225 587 2278 mentem
604 2235 712 2280 amore
727 2212 918 2289 revinciens,

382 2318 420 2372 ut
436 2317 532 2372 tenax
548 2307 667 2372 hedera
683 2306 747 2371 huc
764 2316 797 2372 et
812 2305 877 2370 huo
962 2340 968 2372 ;

448 2401 594 2466 arborem
610 2400 742 2486 inplicat
759 2422 878 2487 errans.

383 2592 505 2654 vosque
522 2571 598 2635 item
615 2570 721 2646 simul,
738 2570 881 2654 integrae
950 2649 953 2654 Ι

447 2663 598 2749 virgines,
616 2663 732 2747 quibus
751 2663 880 2727 advenit

447 2780 506 2843 par
523 2757 602 2833 dies,
620 2757 705 2840 agite
722 2757 756 2819 in
773 2756 905 2840 modum

385 2850 481 2916 dicite
500 2856 536 2915 ‘o
552 2852 740 2934 Hymenaee
757 2850 910 2933 Hymen.

448 2966 468 3010 o
485 2945 617 3029 Hymen
633 2942 843 3028 Hymenaee,'

382 3126 420 3181 ut
436 3113 609 3190 lubentius,
626 3113 760 3178 audiens

446 3231 480 3273 se
497 3207 621 3273 citarier
638 3207 680 3272 ad
698 3229 793 3272 suurn
889 3261 891 3266 .

421 3354 424 3361 .
447 3324 574 3378 munus,
592 3301 656 3367 huc
673 3301 794 3366 aditum
811 3299 893 3365 ferat

384 3395 450 3461 dux
468 3396 570 3461 honac
588 3395 735 3471 Veneris,
752 3394 830 3459 boni

447 3491 634 3577 coniugator
650 3488 778 3554 amoris.

383 3670 455 3753 quis
473 3669 552 3734 deus
569 3667 672 3752 magis
689 3666 813 3733 anxiis'

448 3772 497 3828 est
513 3761 670 3847 petendus
687 3759 887 3826 amantibus?

448 3876 544 3939 quem
562 3855 667 3920 colent
683 3855 827 3921 homines
843 3854 947 3940 magis

383 3949 551 4015 caelitum?
573 3971 592 4013 o
611 3949 797 4034 Hymenaee
816 3949 963 4034 Hymeno

442 4063 467 4106 o
485 4043 614 4128 Hymen
633 4044 829 4129 Hymenaee.
888 4088 893 4105 ,
