2842 4386
617 261 734 316 LIBER

163 406 229 450 nnn
245 384 273 449 si
290 384 377 450 illam
395 406 485 450 rarae
503 384 675 451 labefactes
694 406 825 451 munere
842 384 939 450 vestis

207 488 263 543 aut
280 478 470 564 perluciduli
487 479 608 543 deliciis
626 478 750 563 lapidis.

162 571 262 638 laedit
279 572 486 655 te'quaedam
503 572 588 636 mala
605 571 725 648 fabula,
743 593 807 654 qua
824 571 883 635 tibi
900 569 1002 637 fertur
1118 583 1121 586 ’
1205 589 1224 643 5

207 665 290 731 valle
308 665 368 730 sub
387 667 510 730 alarum
528 677 600 729 trux
618 664 762 729 habitare
781 687 885 750 caper.

163 757 249 823 hunc
266 768 413 825 metuunt
431 781 551 824 omnes.
595 779 699 841 neque
717 758 847 823 mirum:
872 781 947 823 nam
964 757 1049 824 mala
1065 757 1190 824 valdest

206 851 308 917 bestia
325 875 386 917 nec
403 853 532 936 quicum
550 852 635 916 bella
651 851 759 936 puella
776 851 883 917 cubet.
970 885 972 888 >

162 966 263 1029 quare
280 956 336 1010 aut
353 947 516 1011 crudelem
532 967 681 1010 nasorum
699 945 840 1011 interfice
857 955 990 1030 pestem,

170 1083 176 1095 «
205 1041 265 1104 aut
279 1039 430 1104 admirari
448 1039 557 1106 desine
576 1061 632 1105 cur
650 1039 787 1124 fugiunt.

590 1226 760 1240 U

615 1385 731 1452 LXX.

248 1507 338 1573 Nulli
354 1530 388 1574 se
406 1507 482 1573 dicit
499 1505 612 1571 mulier
628 1529 701 1570 mea
717 1506 839 1572 nubere
856 1506 951 1571 malle

291 1625 387 1686 quam
404 1601 497 1678 miht'
510 1624 576 1666 non
594 1601 620 1664 si
639 1623 673 1665 se
691 1601 836 1686 Iuppiter
853 1600 921 1685 ipss
938 1611 1037 1685 petat.

248 1696 339 1761 dicit:
357 1695 415 1761 sed
431 1695 545 1760 mulier
563 1693 679 1779 cupido
697 1694 784 1776 quod
802 1694 878 1758 dicit
895 1694 1024 1770 amanti,

290 1791 324 1854 in
341 1800 436 1856 vento
455 1798 487 1854 et
503 1788 614 1873 rupida
632 1786 771 1854 seribere
788 1796 912 1871 oportet
929 1808 1023 1869 aqua.

592 1976 760 1987 ——-....

605 2135 738 2200 nxxr.
773 2103 775 2109 ’

248 2255 286 2322 Si
303 2256 378 2340 quoi
394 2255 465 2321 iure
480 2254 565 2321 bono
583 2277 673 2320 sacer
689 2255 812 2320 alarum
829 2253 951 2320 obstitit
968 2254 1085 2331 hircus,

291 2359 347 2414 aut
363 2348 391 2414 si
408 2371 504 2432 quem
521 2349 633 2414 merito
651 2349 742 2414 tarda
758 2348 901 2435 podagra
918 2359 1015 2426 secat,

248 2445 391 2508 aemulus
409 2443 468 2508 iste
481 2453 565 2520 tuus,
582 2442 638 2525 qni
655 2453 795 2508 vestrum
810 2454 936 2508 exercet
949 2465 1101 2522 amorem,

290 2537 421 2602 mirifico
439 2548 488 2602 est
505 2537 570 2601 fcto
588 2546 699 2601 nactus
717 2546 887 2619 utrumque
904 2537 1034 2601 malum.

223 2648 226 2650 ·
245 2653 321 2695 nam
338 2630 484 2713 quotiens
502 2629 609 2705 futuit,
627 2630 741 2694 totiens
758 2630 921 2695 ulciscitur
938 2631 1064 2697 umbos:
1201 2651 1220 2705 5

289 2724 376 2788 illam
394 2723 515 2809 adfligit
534 2723 640 2800 odore,
658 2723 728 2808 ipse
746 2723 828 2808 perit
844 2724 997 2809 podagra.

588 2912 758 2922 ——-—--.

598 3069 750 3136 LXXII.

203 3188 345 3255 Dicebas
364 3189 525 3273 quondam
543 3190 647 3254 solum
664 3201 805 3255 tenosse
824 3187 999 3268 Catullum,

247 3282 377 3359 Lesbia,
394 3304 454 3348 nec
471 3305 547 3368 prae
565 3305 616 3348 me
634 3284 716 3349 velle
733 3292 841 3349 tenere
858 3284 979 3350 Iovem.

203 3376 301 3440 dilexi
318 3386 387 3440 tum
405 3387 436 3442 te
453 3399 518 3441 non
535 3387 659 3441 tantum
677 3386 713 3440 ut
730 3377 846 3462 vulgus
864 3377 1009 3454 amicam,

247 3470 303 3534 sed
321 3481 410 3556 pater
428 3480 464 3534 ut
481 3480 595 3556 gnatos
612 3471 717 3556 diligit
734 3482 766 3536 et
783 3494 928 3557 generos.

202 3585 288 3628 nunc
305 3574 337 3629 ts
355 3565 507 3648 cognovit
526 3586 624 3648 quare
643 3564 702 3630 etsi
719 3565 881 3650 inpensius
900 3589 983 3645 uror,
1202 3587 1221 3640 5

245 3657 346 3722 multo
365 3658 409 3722 mi
427 3669 534 3723 tamen
552 3681 585 3723 es
605 3659 697 3723 vilior
714 3669 745 3723 et
762 3659 871 3725 levior.

202 3750 260 3834 qni
278 3750 360 3835 potis
379 3753 444 3817 est?
465 3751 582 3834 inquis.
626 3752 702 3836 quia
719 3763 880 3818 amantem
896 3754 1012 3820 iniuria
1029 3757 1100 3822 talis

248 3844 334 3930 cogit
351 3867 458 3910 amare
475 3845 591 3931 magis,
610 3847 667 3911 sed
685 3846 768 3912 bene
785 3847 867 3914 velle
884 3849 998 3915 minus.

592 4035 760 4047 -—--—
