2842 4386
645 213 816 272 esuum

428 359 532 422 usque
548 336 590 401 ad
607 336 694 400 milia
712 338 839 402 basiem
851 347 1011 413 trecenta,
1060 340 1069 348 ’

428 455 488 497 nec
501 429 653 515 umquam
666 431 775 496 videar
789 440 876 496 satur
893 432 1030 507 futurus,
1073 461 1076 464 ⁴

429 547 494 590 non
512 526 538 589 si
557 525 684 590 densior
700 525 796 588 aridis
816 524 919 589 aristis
981 527 984 534 “

430 619 471 683 sit
483 628 613 684 nostrae
631 640 724 703 seges
742 618 954 684 osculationis.
1017 649 1022 660 ·
1049 673 1063 680 ,Α

644 799 814 811 ⁸—-

659 922 793 988 XLIX.

387 1041 752 1110 DisertissimeRomuli
768 1053 930 1128 nepotum,
963 1120 965 1125 Ι
1069 1112 1073 1119 ,

389 1147 467 1222 quot
485 1148 559 1202 sunt
572 1146 712 1220 quotque
730 1136 830 1214 fuere,
849 1135 959 1201 Marce
973 1136 1071 1216 Tulli,

391 1243 531 1316 quotque
549 1240 623 1316 post
640 1229 709 1295 aliis
727 1241 820 1294 erunt
837 1231 870 1294 in
888 1231 989 1307 annis,

389 1325 509 1410 gratias
527 1323 584 1387 tibi
601 1323 756 1388 maximas
775 1322 922 1389 Catullus

390 1419 467 1503 agit,
486 1417 642 1503 pessimus
661 1417 803 1481 omnium
820 1429 925 1503 poeta,

389 1521 477 1576 tanto
494 1510 650 1596 pessimus
667 1511 809 1575 omnium
827 1522 922 1597 poeta
982 1547 985 1550 ·
1011 1575 1013 1581 ,

389 1616 508 1690 quanto
526 1615 562 1669 tu
579 1605 716 1690 optimus
734 1605 876 1671 omnium
892 1615 1059 1692 patronus.

681 1901 752 1967 'Ia

348 2023 519 2097 Hesterno,
538 2020 655 2097 Licini,
674 2020 725 2085 die
744 2020 835 2084 otiosi

348 2115 485 2180 multum
502 2113 637 2181 lusimus
652 2114 687 2178 in
704 2114 783 2179 meis
801 2113 934 2191 tabellis,
1011 2140 1013 2144 ’

349 2220 386 2274 ut
403 2218 593 2272 convenerat
612 2222 680 2273 esse
698 2207 859 2277 delicatos.

349 2303 489 2390 scribens
506 2301 679 2367 versiculos
697 2311 830 2386 uterque
848 2314 991 2368 nostrum
1057 2299 1070 2329 '¹

348 2395 479 2461 ludebat
496 2417 628 2460 numero
645 2395 741 2459 modo
757 2395 819 2460 hoc
836 2396 930 2465 modo
947 2397 1032 2474 illoc,

347 2489 483 2555 reddens
500 2497 611 2553 mutua
628 2511 685 2574 per
702 2489 808 2553 iocum
826 2500 923 2574 atque
941 2491 1071 2556 vinum

348 2593 444 2666 atque
462 2582 549 2646 illinc
566 2582 630 2646 abii
648 2592 702 2646 tuo
719 2583 827 2668 lepore

347 2677 505 2751 incensus,
523 2675 638 2752 Licini,
657 2677 854 2760 facetiisque,

348 2782 385 2836 ut
401 2792 462 2836 nec
478 2791 530 2833 me
547 2770 697 2834 miserum
715 2771 805 2834 cibus
823 2771 957 2847 iuvaret,

349 2887 410 2930 nec
427 2885 561 2928 somnus
575 2873 699 2947 tegeret
715 2864 821 2948 quiete
839 2864 986 2941 ocellos,·
1016 2947 1018 2951 y

349 2959 405 3024 sed
423 2967 490 3047 toto
507 2957 679 3021 indomitus
697 2957 804 3022 furore
821 2957 903 3022 lecto

348 3072 492 3117 versarer
509 3050 639 3135 cupiens
657 3049 765 3117 videre
782 3051 898 3127 lucem,

348 3155 386 3209 ut
402 3154 508 3209 tecum
527 3144 683 3227 loquerer,
701 3144 859 3228 simulque
877 3155 913 3209 ut
930 3165 1045 3210 essem.
1064 3197 1069 3203 .

348 3248 381 3303 at
398 3237 522 3302 defessa
538 3237 646 3315 labore
663 3238 807 3302 membra
823 3248 995 3323 postquam
1014 3311 1017 3314 ,

349 3331 553 3397 semimortua
569 3330 685 3395 lectulo
701 3330 857 3408 iacebant,

348 3425 420 3502 hoe,
438 3425 585 3501 iucunde,
602 3424 660 3488 tibi
677 3446 791 3509 poema
807 3424 894 3501 feci,

350 3541 390 3584 ex
407 3539 471 3602 quo
489 3516 681 3602 perspiceres
701 3541 808 3582 meum
826 3520 977 3585 dolorem.

348 3632 433 3677 nunc
451 3612 556 3675 audax
574 3633 651 3676 cave
669 3612 722 3688 sis,
741 3633 915 3697 precesque
932 3625 1069 3691 nostras,

350 3727 487 3779 oramus,
506 3726 583 3768 cave
601 3705 748 3790 despuas,
767 3706 876 3783 ocelle,

347 3820 388 3864 ne
405 3820 524 3883 poenas
541 3797 688 3862 Nemesis
705 3813 851 3884 reposcat
868 3823 888 3864 a
905 3811 947 3866 te.

350 3901 398 3958 est
414 3891 636 3957 vemens‘desz
658 3892 785 3958 laedere
803 3893 885 3959 hane
902 3895 1025 3960 caveto.

646 4047 817 4059 ⁸—-
