2842 4386
581 279 696 336 LIBER
717 316 720 321 .

542 468 729 537 LXXXII.

251 576 377 670 Quinti,
396 588 423 652 si
441 588 499 652 tibi
517 589 564 654 vis
581 590 689 655 oculos
709 589 825 655 debere
843 587 1007 654 Catullum
1046 586 1049 593 ’

295 692 352 746 aut
369 682 456 746 aliud
474 682 579 765 siquid
597 683 699 748 oarius
718 692 766 748 est
783 683 892 758 oculis,

251 776 375 861 eripere
393 777 424 840 ei
440 775 515 852 noli,
533 777 634 841 multo
652 776 739 860 quod
756 777 859 842 oariru
876 776 923 841 illi

295 880 343 935 est
361 869 461 934 oeulis
479 891 536 934 seu
554 871 632 954 quid
649 870 752 936 oarius
770 880 818 937 est
834 871 944 936 oculis.

551 1057 720 1071 ⁸——

532 1216 737 1285 LXXXIII.

165 1334 286 1401 Lesbia
304 1335 348 1400 mi
366 1346 532 1422 praesente
550 1336 617 1400 viro
635 1337 719 1401 mala
736 1337 873 1421 plurima
890 1337 980 1404 dicit:

208 1429 288 1495 haeo
306 1430 352 1494 illi
369 1430 458 1493 fatuo
476 1431 616 1494 maxima
632 1429 789 1494 laetitiast.

163 1522 261 1600 mule,
280 1523 358 1587 nihil
376 1522 482 1588 sentis.
527 1523 554 1588 si
570 1523 671 1588 nostri
688 1522 785 1587 oblita
803 1533 931 1601 taceret,

208 1639 285 1681 sana
304 1626 403 1681 esset:
421 1638 507 1680 nuno
525 1615 612 1699 quod
629 1616 742 1701 gannit
758 1626 791 1681 et
807 1617 998 1699 obloquitur,

163 1732 228 1775 non
247 1710 351 1774 solum
369 1709 521 1786 meminit,
540 1709 607 1785 sed,
625 1730 708 1793 quae
725 1710 825 1773 multo
843 1710 944 1775 aerior
961 1721 1009 1776 est
1026 1732 1088 1787 res,
1160 1723 1180 1778 5

207 1805 287 1869 irata
304 1813 362 1879 est,
381 1803 441 1868 hoe
459 1814 516 1880 est,
535 1803 637 1867 uritur
654 1813 686 1869 et
703 1804 857 1886 ooquitur.

531 2150 732 2220 LXXXIV.

163 2269 366 2336 Chommoda
383 2272 518 2349 dicebat,
536 2270 709 2354 siquando
727 2270 892 2336 commoda
909 2271 1006 2338 vellet

206 2365 320 2440 dicere,
339 2378 372 2431 et
388 2366 518 2431 insidias
537 2365 651 2430 Arrius
668 2364 833 2442 hinsidias,
902 2356 906 2363 ⁵

162 2470 197 2523 et
214 2469 282 2522 tum
300 2458 431 2524 mirifice
448 2458 597 2544 sperabat
614 2481 648 2523 se
665 2481 734 2524 esse
751 2459 902 2535 locutum,

207 2575 280 2617 oum
297 2562 452 2635 quantum
469 2562 592 2637 poterat
608 2551 732 2616 dixerat
748 2551 910 2616 hinsidias.

161 2647 268 2722 oredo,
287 2645 333 2709 sie
349 2654 459 2721 mater,
478 2645 523 2709 sio
540 2644 640 2710 Liber
657 2645 833 2710 avunculus
852 2645 930 2720 eius,
1157 2663 1177 2719 5

206 2739 252 2803 sio
269 2751 432 2803 maternus
450 2760 527 2802 avus
550 2738 673 2802 dixerat
690 2748 786 2821 atque
803 2739 884 2802 avia.

162 2831 338 2897 hoe‘misso
356 2832 389 2895 in
408 2829 535 2916 Syriam
552 2830 735 2914 requierant
751 2830 898 2895 omnibus
916 2852 1024 2895 oureus

206 2925 360 2989 audibant
377 2924 487 2990 eadem
506 2925 585 2990 haee
602 2924 715 2989 leniter
731 2934 763 2989 et
779 2924 900 3001 leviter,

161 3040 222 3084 neo
240 3017 302 3082 sibi
319 3018 445 3103 postilla
461 3019 646 3085 metuebant
662 3018 737 3084 talia
755 3018 862 3093 verba,

206 3134 279 3176 oum
297 3111 402 3176 subito
420 3112 561 3177 adfertur
577 3111 707 3176 nuntius
724 3112 892 3187 horribilis,

160 3204 270 3269 Ionios
287 3205 413 3280 fluetus,
431 3217 599 3290 postquam
616 3205 691 3269 illue
709 3206 823 3271 Arrius
840 3205 926 3282 isset,

204 3299 268 3362 iam
285 3321 349 3363 non
367 3300 474 3365 Ionios
492 3321 571 3377 esse,
590 3299 646 3366 sed
662 3300 829 3365 Hionios..

547 3489 714 3498 ---———-

536 3645 720 3711 LXXXV.

160 3762 229 3828 Odi
248 3774 280 3830 et
297 3785 379 3850 amo.
423 3786 521 3847 quare
543 3764 576 3828 id
594 3765 719 3841 faciam,
738 3764 871 3832 fortasse
888 3766 1033 3850 requiris.

206 3856 323 3935 neseio,
341 3856 398 3923 sed
415 3857 484 3923 fieri
502 3857 602 3923 sentio
619 3868 652 3923 et
668 3858 840 3924 excrucior.

546 4053 716 4065 m

165 4144 265 4186 catarum
