2858 4388
574 230 691 285 LIBER

291 375 350 418 vos
368 351 441 417 hino
458 352 578 418 interea
594 352 698 419 valete
715 351 800 418 abite

290 447 369 511 illuc
386 446 471 511 unde
488 448 607 512 malum
625 446 739 532 pedem
756 444 913 522 attulistis,

227 594 231 607 .
292 539 390 606 saecli
406 539 616 617 incommoda,
633 539 763 625 pessimi
779 549 902 625 poetae.

577 826 692 894 X1V⁸.

292 945 332 1012 si
349 945 405 1030 qui
421 944 503 1012 forte
521 969 662 1010 mearum
680 944 867 1030 ineptiarum

293 1041 428 1106 lectores
445 1039 529 1106 eritis
547 1061 721 1122 manusque
739 1049 859 1103 vestras

293 1154 357 1199 nou
374 1133 541 1199 horrebitis
559 1133 727 1198 admovere
744 1132 846 1209 nobis,

292 1622 492 1689 Commendo
509 1621 568 1686 tibi
583 1644 636 1687 me
654 1644 692 1687 ac
708 1644 796 1687 meos
814 1643 948 1700 amores,

294 1715 416 1781 Aureli.
451 1714 577 1781 veniam
594 1724 668 1801 peto
685 1715 866 1799 pudentem,

293 1820 340 1886 ut,
358 1808 385 1874 si
402 1808 573 1893 quicquam
591 1808 695 1872 animo
713 1818 768 1873 tuo
786 1807 911 1892 cupisti,

284 1902 381 1987 ‘quod
397 1912 519 1967 castum
537 1911 699 1987 expeteres
718 1911 751 1967 et
765 1900 960 1986 integellum,

292 2017 461 2062 conserves
478 2017 612 2082 puerum
629 1993 706 2058 mihi
723 1994 847 2080 pudice.

294 2110 358 2155 non
375 2089 446 2156 dico
464 2113 484 2154 a
500 2088 632 2175 populo:
651 2088 729 2153 nihil
747 2109 892 2153 veremur

294 2185 371 2248 istos
385 2182 440 2267 qui
453 2184 486 2248 in
499 2183 605 2269 platea
618 2181 713 2246 modo
726 2181 789 2247 huo
802 2181 896 2246 modo
908 2180 984 2247 illuc

292 2277 327 2341 in
344 2298 379 2341 re
396 2285 597 2362 praetereunt
614 2298 672 2340 sua
690 2275 848 2361 occupati:

229 2388 235 2409 ¹·
292 2392 406 2435 verum
423 2393 442 2434 a
459 2380 491 2435 te
508 2380 614 2434 metuo
632 2379 751 2452 tuoque
768 2390 849 2453 pene

293 2461 410 2527 infesto
426 2462 533 2547 pueris
550 2462 641 2526 bonis
658 2461 822 2545 malisque.

292 2576 391 2640 quem
408 2565 443 2618 tu
462 2577 526 2638 qua
543 2555 642 2632 lubet,
659 2564 696 2619 ut
711 2554 810 2628 lubet,
828 2564 954 2619 moveto

266 2643 269 2647 ’
292 2657 448 2731 quantum
467 2648 525 2724 vis,
542 2646 599 2712 ubi
617 2647 676 2712 erit
692 2647 770 2712 foris
788 2658 948 2731 paratum:

295 2739 381 2804 hunc
399 2762 497 2804 unum
515 2739 649 2825 excipio,
667 2749 807 2824 utputo,
827 2739 991 2824 pudenter.

293 2834 382 2916 quod
400 2833 427 2897 si
444 2844 475 2898 te
492 2833 577 2898 mala
593 2855 682 2898 mens
699 2832 850 2915 furorque
868 2853 978 2898 vecors

295 2927 329 2990 in
346 2936 467 2991 tantam
482 2927 641 3012 inpulerit,
660 2927 800 3002 sceleste,
818 2926 955 3011 culpam,

295 3030 333 3097 ut
349 3030 490 3085 nostrum
507 3020 627 3086 insidiis
646 3029 743 3105 caput
757 3019 905 3095 lacessas,

283 3135 317 3178 ‘a
332 3123 400 3177 tum
419 3124 449 3178 te
466 3115 617 3178 miserum
634 3113 772 3196 malique
789 3111 856 3187 fati,

269 3226 272 3231 ’
292 3227 390 3289 quem
409 3208 547 3271 attractis
563 3207 697 3292 pedibus
714 3216 842 3292 patente
859 3215 950 3291 porta

296 3312 481 3386 percurrent
497 3300 692 3385 raphanique
708 3299 916 3386 mugilesque.

586 3586 682 3654 XVI.

293 3706 457 3771 Pedicabo
476 3729 535 3792 ego
553 3728 610 3771 vos
627 3719 659 3772 et
675 3707 852 3785 inrumabo,

206 3884 210 3895 ,
296 3800 409 3865 Aureli
426 3800 552 3885 pathice
568 3808 601 3864 et
618 3800 749 3866 cinaede
766 3799 855 3876 Furi,

296 3893 351 3977 qui
369 3915 420 3958 me
438 3916 476 3958 ex
494 3891 656 3958 versiculis
674 3893 752 3959 meis
770 3893 913 3979 putastis,

293 3986 382 4072 quod
400 3997 473 4051 sunt
489 3986 649 4064 molliculi,
667 4010 779 4073 parum
795 3985 957 4072 pudIouul.
