2842 4386
642 255 811 313 CATULLI

383 402 457 446 nam
475 400 538 464 quo
556 390 697 464 tempore
714 379 791 463 legit
808 378 988 445 incohatam
1026 387 1028 391 ’

382 473 538 559 Dindymi
557 473 727 547 dominam,
746 496 786 537 ex
804 495 842 539 eo
860 474 1001 539 misellae

383 569 475 654 ignes
492 568 673 632 interiorem
692 569 791 632 edunt
807 567 989 633 medullam.

382 663 513 748 ignosco
531 661 599 738 tibi,
620 660 781 747 Sapphica
798 661 905 747 puella

382 778 475 821 musa
492 755 627 820 doctior:
651 767 699 821 est
716 756 800 820 enim
819 767 950 820 venuste

383 872 501 935 magna
519 847 664 914 Caecilio.
677 849 825 913 incohata
842 859 952 914 mater.

640 1039 811 1050 —--

598 1179 600 1183 ’
637 1197 840 1262 mvn

319 1316 462 1383 Annales
479 1316 603 1392 Volusi,
622 1327 731 1381 cacata
749 1316 867 1394 charta,

318 1422 427 1475 votum
446 1409 557 1475 solvite
575 1432 722 1494 promea
739 1411 855 1496 puella.

319 1529 394 1570 nam
412 1514 539 1570 sanctae
556 1504 676 1569 Veneri
695 1502 911 1590 Cupidinique

319 1599 416 1675 vovit,
436 1598 463 1662 si
480 1597 541 1661 sibi
558 1598 721 1661 restitutus
739 1621 841 1664 essem

319 1694 534 1774 desissemque
552 1704 656 1756 truces
674 1693 799 1757 vibrare
815 1692 950 1768 iambos,

318 1786 508 1850 electissima
525 1785 654 1871 pessimi
672 1798 784 1870 poetae
831 1813 832 1816 ¹

318 1880 435 1964 scripta
453 1880 608 1964 tardipedi
626 1880 686 1944 deo
705 1880 851 1943 daturam

318 1973 500 2039 infelicibus
518 1973 688 2037 ustulando
705 1972 811 2058 lignis.

319 2077 352 2131 et
367 2065 429 2130 hoc
446 2066 584 2151 pessima
602 2089 636 2131 se
653 2067 761 2150 puella
777 2065 857 2129 vidit

319 2161 424 2225 iocose
441 2159 546 2245 lepide
564 2181 680 2224 vovere
697 2159 788 2224 divis.

319 2276 414 2330 nunc,
433 2276 452 2318 ο
470 2252 616 2319 caeruleo
635 2263 741 2319 creata
758 2264 866 2339 ponto,

318 2369 401 2431 quae
419 2359 564 2411 sanctum
582 2347 718 2411 Idalium
735 2351 752 2428 †
769 2347 919 2431 uriosque
938 2356 1064 2433 apertos

319 2464 466 2527 quaeque
483 2443 620 2506 Ancona
639 2440 841 2525 Cnidumque
860 2442 1107 2506 harundinosam

320 2537 396 2601 colis
414 2558 560 2619 quaeque
577 2536 776 2600 Amathunta
794 2557 940 2619 quaeque
959 2534 1081 2620 Golgos

319 2651 464 2714 quaeque
481 2628 697 2693 Durrachium
715 2629 857 2694 Hadriae
874 2629 1047 2703 tabernam,

319 2735 483 2808 acceptum
501 2724 571 2787 face
589 2723 811 2806 redditumque
829 2733 949 2797 votum,

319 2819 347 2882 si
363 2838 428 2881 non
445 2816 618 2901 inlepidum
638 2838 741 2899 neque
760 2815 1003 2880 invenustumst.

319 2921 352 2974 at
369 2931 427 2975 vos
443 2910 564 2974 interea
581 2909 685 2974 venite
702 2909 734 2972 in
753 2909 871 2993 ignem,

319 3003 404 3089 pleni
422 3003 503 3067 ruris
522 3013 554 3067 et
570 3003 778 3067 inficetiarum

322 3097 451 3162 annales
470 3096 594 3174 Volusi,
613 3106 723 3162 cacata
740 3097 859 3161 charta.

628 3443 816 3510 XXXVII.

320 3563 420 3629 Salax
438 3563 569 3647 taberna
587 3583 707 3645 vosque
725 3564 976 3641 contubernales,

319 3681 339 3721 a
357 3657 493 3742 pilleatis
511 3676 596 3721 nona
613 3657 763 3721 fratribus
781 3657 856 3742 pila,

320 3752 394 3816 solis
412 3751 531 3837 putatis
550 3774 619 3815 esse
636 3752 792 3816 mentulas
811 3751 912 3828 vobis,

320 3845 394 3909 solis
412 3845 506 3910 licere
524 3845 678 3928 quidquid
696 3856 745 3910 est
760 3845 937 3931 puellarum
962 3871 967 3879 ’

320 3938 507 4005 confutuere
525 3949 557 4004 et
573 3949 684 4025 putare
703 3949 822 4004 ceteros
841 3939 963 4004 hircos?

320 4056 370 4111 an,
390 4033 586 4100 continenter
604 4033 689 4118 quod
707 4032 822 4099 sedetis
840 4033 952 4098 insulsi
