2842 4386
214 221 256 289 52
641 237 811 294 curuum

212 359 380 425 iustificam
398 359 489 424 nobis
505 367 647 425 mentem
665 370 807 426 avertere
825 359 968 426 deorum.
1052 415 1054 418 Α

213 473 311 534 quare
329 474 388 518 nec
406 453 477 517 talis
496 453 667 538 dignantur
684 454 786 519 visere
804 463 924 532 coetus,

212 567 272 611 nec
290 569 324 612 se
343 547 483 632 contingi
501 547 665 632 patiuntur
682 547 802 613 lumine
821 548 917 614 claro.

663 988 776 1054 LXV.

255 1105 327 1170 Etsi
344 1129 395 1172 me
414 1106 549 1171 adsiduo
565 1107 746 1173 confectum
764 1130 840 1172 cura
858 1108 965 1173 dolore

298 1210 426 1265 sevocat
444 1224 463 1263 a
484 1200 595 1278 doctis,
614 1199 737 1277 Ortale,
755 1201 942 1286 virginibus,
1057 1224 1060 1227 ·

254 1315 314 1358 nec
331 1294 413 1377 potis
432 1304 480 1358 est
496 1294 598 1359 dulcis
615 1316 778 1358 musarum
795 1317 980 1380 expromere
998 1295 1083 1361 fetus

297 1409 387 1451 mens
405 1387 502 1452 animi
519 1424 562 1434 -
579 1387 674 1452 tantis
692 1389 826 1453 fluctuat
841 1389 912 1474 ipsa
929 1389 1034 1454 malis:

178 1493 197 1547 5
256 1491 396 1562 namque
413 1480 477 1545 mei
494 1503 597 1566 nuper
614 1481 758 1546 Lethaeo
776 1483 901 1567 gurgite
919 1483 1026 1548 fratris

298 1575 486 1658 pallidulum
503 1599 636 1640 manans
655 1575 755 1640 adluit
772 1576 859 1640 unda
876 1577 1001 1661 pedem,

255 1666 352 1732 Troia
369 1668 514 1735 Rhoeteo
532 1690 627 1751 quem
645 1669 755 1736 subter
771 1671 862 1735 litore
880 1671 972 1735 tellus

298 1772 441 1846 ereptum
458 1762 573 1827 nostris
592 1763 708 1828 obterit
725 1786 765 1828 ex
783 1764 893 1851 oculis.

162 1961 197 2015 10
298 1961 473 2032 numquam
492 1972 553 2035 ego
571 1961 613 2027 te,
631 1950 698 2015 vita
715 1951 813 2018 frater
830 1951 1005 2028 amabilior,

149 2086 152 2091 -
256 2042 427 2126 adspiciam
446 2043 588 2128 posthac.
634 2054 768 2110 atcerte
787 2067 912 2130 semper
929 2046 1055 2122 amabo,

298 2159 423 2221 semper
439 2147 560 2202 maesta
577 2148 633 2202 tua
650 2138 790 2204 carmina
806 2149 907 2205 morte
926 2160 1050 2215 canam,

256 2229 363 2311 qualia
380 2229 440 2293 sub
459 2230 564 2296 densis
581 2253 741 2296 ramorum
760 2232 898 2296 concinit
913 2232 1035 2296 umbris

298 2322 435 2388 Daulias
453 2324 612 2410 absumpti
629 2324 696 2390 fata
713 2348 843 2411 gemens
861 2326 938 2410 Ityli
956 2363 999 2373 -

163 2428 197 2482 15
256 2416 314 2481 sed
331 2426 438 2482 tamen
454 2417 488 2482 in
506 2418 601 2482 tantis
620 2420 825 2496 maeroribus,
844 2418 966 2497 Ortale,
985 2420 1076 2483 mitto

298 2509 377 2575 haec
395 2533 544 2596 expressa
562 2512 619 2576 tibi
638 2513 778 2577 carmina
795 2514 973 2590 Battiadae,

255 2626 296 2668 ne
314 2612 369 2667 tua
386 2604 470 2669 dicta
488 2605 579 2688 vagis
596 2606 790 2688 nequiquam
809 2607 927 2671 credits
945 2606 1047 2671 ventis

298 2696 459 2763 effluxisse
477 2719 548 2762 meo
566 2698 648 2763 forte
666 2711 758 2783 putes
777 2700 892 2776 animo,

256 2800 293 2853 ut
309 2791 441 2855 missum
459 2791 567 2876 sponsi
584 2791 701 2856 furtivo
719 2815 851 2857 munere
869 2793 988 2856 malum

162 2893 198 2947 20
299 2885 455 2968 procurrit
473 2896 559 2950 casto
577 2885 707 2970 virginis
726 2909 743 2950 e
762 2887 893 2972 gremio,

257 2977 343 3059 quod
360 2978 492 3043 miserae
509 2977 626 3044 oblitae
643 2979 731 3044 molli
748 2981 808 3044 sub
826 2990 914 3045 veste
931 2979 1081 3057 locatum,

300 3071 377 3135 dum
395 3072 533 3136 adventu
551 3072 659 3138 matris
676 3073 809 3158 prosilit,
827 3074 999 3138 excutitur:

255 3176 351 3247 atque
368 3165 448 3229 illud
465 3187 564 3249 prono
582 3188 734 3251 praeceps
751 3168 857 3252 agitur
874 3167 1022 3245 decursu,

299 3257 373 3323 huic
390 3269 498 3323 manat
515 3258 596 3324 tristi
613 3261 756 3325 conscius
775 3283 829 3327 ore
845 3261 952 3326 rubor.

637 3492 805 3500 ——-

658 3699 788 3766 LXVI.

211 3815 331 3881 Omnia
348 3815 404 3900 qui
421 3817 530 3904 magni
548 3817 686 3903 dispexit
702 3820 823 3883 lumina
839 3820 960 3898 mundi,

254 3910 309 3995 qui
327 3910 489 3975 stellarum
507 3920 594 3976 ortus
612 3913 765 3997 comperit
780 3915 878 3998 'atque
896 3914 1011 3991 obitus,

209 4005 375 4070 flammeus
392 4013 430 4070 ut
447 4004 550 4089 rapidi
568 4004 644 4069 solis
660 4005 745 4070 nitor
762 4007 959 4084 obscuretur,
