2842 4386
636 209 807 268 OATULLI

668 400 761 467 LIV.

419 519 535 585 Otonis
552 529 649 606 caput
666 519 783 606 oppido
801 521 961 605 pusillum,

418 621 435 696 †
455 626 487 678 et
505 614 549 681 eri
566 614 684 678 rustica
702 613 868 678 semilauta
887 636 990 688 crura,

419 707 534 774 subtile
553 717 585 773 et
601 707 671 772 leve
689 707 833 792 peditum
851 707 988 771 Libonis

421 989 448 1053 si
465 1010 530 1052 non
547 988 655 1052 omnia
671 987 837 1072 displicere
856 989 971 1052 vellem

423 1083 480 1146 tibi
498 1093 530 1146 et
546 1081 672 1146 Fuficio
689 1081 756 1146 seni
774 1093 909 1147 recocto.

420 1269 556 1333 irascere
573 1269 686 1332 iterum
705 1266 784 1331 meis
801 1267 917 1337 iambis
961 1318 969 1337 .
1037 1319 1046 1334 .

421 1361 658 1439 inmerentibus,
676 1358 769 1426 unice
787 1361 969 1447 imperator.

683 1709 757 1775 LV.

381 1829 530 1906 Oramus,
549 1829 576 1892 si
593 1829 674 1892 forte
692 1851 756 1892 non
774 1829 982 1905 molestumst,

380 1924 586 1998 demonstres,
606 1923 660 1985 ubi
682 1922 746 1985 sint
763 1933 837 1986 tuae
855 1923 1015 1988 tenebrae.
1044 1967 1047 1971 ·

383 2029 414 2082 te
432 2038 544 2100 campo
563 2015 776 2099 quaesivimus
794 2015 925 2091 minore,

383 2121 414 2176 te
431 2111 464 2173 in
483 2111 576 2185 circo,
595 2119 626 2173 te
644 2110 676 2172 in
699 2109 845 2173 omnibus
863 2109 989 2187 libellis,

382 2216 415 2268 te
431 2204 465 2267 in
482 2203 600 2288 templo
618 2202 733 2266 summi
750 2203 838 2267 Iovis
855 2213 988 2269 sacrato.
1040 2283 1043 2289 ¹

382 2298 417 2362 in
434 2296 549 2381 Magni
566 2295 659 2360 simul
677 2296 891 2361 ambulatione

381 2391 525 2456 femellas
543 2412 662 2465 omnes,
681 2389 792 2466 amice,
811 2389 934 2475 prendi,
1029 2469 1035 2479 ι

384 2507 463 2568 quas
482 2483 573 2548 vultu
590 2483 656 2546 vidi
673 2494 779 2547 tamen
797 2506 934 2549 serenas.

384 2600 404 2641 a
420 2576 472 2642 vel
489 2586 520 2642 te
538 2577 583 2643 sic
600 2577 668 2661 ipse
685 2577 878 2660 flagitabam,

385 2668 584 2736 ‘Camerium
602 2671 689 2745 mihi,
707 2671 863 2754 pessimae
880 2670 1028 2756 puellae?
1081 2687 1084 2694 “

385 2765 543 2848 quaedam
560 2764 663 2847 inquit
679 2764 801 2827 nudum
818 2764 915 2829 reduc
934 2816 941 2830 .
960 2813 968 2829 .
988 2814 997 2828 .

385 2865 439 2923 ‘en
458 2859 509 2922 hic
526 2859 559 2922 in
576 2858 676 2921 roseis
693 2858 771 2923 latet
787 2857 932 2942 papillis?

385 2953 442 3017 sed
459 2961 490 3016 te
507 2951 570 3014 iam
587 2953 669 3015 ferre
686 2951 821 3015 Herculi
838 2952 926 3015 labos
945 2962 1003 3016 est,
1085 2992 1087 2996 -

386 3055 473 3108 tanto
492 3054 546 3108 ten
563 3045 649 3109 fastu
666 3067 775 3129 negas,
793 3045 912 3108 amice?

387 3160 451 3202 non
469 3148 574 3202 custos
593 3139 619 3202 si
636 3138 740 3221 fingar
756 3138 809 3202 ille
828 3135 971 3215 Cretum,

385 3253 450 3297 non
466 3231 575 3295 Ladas
594 3253 654 3316 ego
672 3231 857 3317 pinnipesve
875 3232 1023 3311 Perseus,

384 3347 448 3389 non
465 3326 491 3389 si
509 3324 655 3410 Pegaseo
673 3325 757 3389 ferar
774 3327 892 3401 volatu,

385 3441 450 3483 non
466 3418 565 3483 Rhesi
583 3420 676 3483 nivea
693 3419 818 3502 citaque
837 3420 926 3499 biga:
977 3428 978 3433 ’

384 3512 467 3577 adde
482 3512 546 3576 hue
564 3512 761 3598 plumipedes
779 3513 997 3596 volatilesque,
1039 3559 1043 3572 »

385 3617 615 3689 ventorumque
632 3606 727 3671 simul
743 3607 867 3690 require
886 3630 1030 3672 cursumr

385 3721 465 3783 quos
483 3712 623 3774 cunctos,
643 3698 780 3776 (lameri,
798 3699 875 3764 mihi
894 3701 1030 3778 dicares,

385 3794 528 3858 defessus
547 3804 651 3858 tamen
670 3793 816 3858 omnibus
833 3793 980 3859 medullis
1036 3814 1043 3829 ⁴

385 3897 417 3952 et
435 3887 541 3951 multis
559 3888 743 3972 langoribus
759 3909 891 3972 peresus

384 4003 488 4046 essem
506 3991 537 4046 te
555 3981 643 4059 mihi,
662 3982 772 4057 amice,
792 3981 1011 4066 quaeritando.
