2842 4386
626 183 796 243 OATULLI

647 375 772 443 CVIII.

243 493 292 572 si,
311 493 447 573 Comini,
465 496 575 581 populi
593 496 722 561 arbitrio
741 508 796 560 tua
814 519 894 563 oens
911 488 1057 564 seneotus

286 599 433 675 spurcata
449 589 570 674 inpuris
588 589 729 654 moribus
745 590 890 668 interest,

241 705 306 747 non
324 682 470 765 equidem
488 683 598 747 dubito
616 683 693 767 quin
711 684 848 768 primum
867 685 996 750 inimica
1012 685 1172 749 bonorum

285 777 394 862 lingua
411 787 521 841 exeota
539 776 633 841 avido
651 777 692 840 sit
709 778 784 841 data
800 779 948 856 uulturio,

164 889 184 944 5
243 870 375 937 effossos
392 870 501 935 oculos
519 880 609 936 voret
626 880 694 934 atro
711 882 840 955 gutture
858 894 983 949 corvus,

284 964 433 1028 intestine
450 985 555 1041 osnes,
574 974 680 1029 cetera
696 965 841 1031 membra
857 964 935 1051 lupi,

630 1430 798 1497 ‚CIX..

241 1548 432 1626 Iucundum,
449 1572 522 1615 mea
539 1549 614 1626 vita,
633 1551 711 1614 mihi
728 1550 877 1636 proponis
896 1573 1036 1617 amorem

285 1644 370 1708 huno
386 1654 529 1707 nostrum
546 1643 702 1708 internos
719 1656 972 1731 perpetuumque
989 1647 1070 1710 fore.

242 1739 275 1804 di
292 1737 411 1823 magni,
429 1737 524 1802 facite
541 1747 578 1801 ut
595 1739 869 1824 vere'promittere
886 1739 986 1824 possit

285 1843 381 1914 atque
397 1830 431 1894 id
448 1830 569 1895 sineere
588 1831 673 1896 dieat
690 1841 720 1897 et
739 1854 779 1896 ex
797 1833 912 1911 animo,

163 1943 183 1998 5
240 1936 278 1990 ut
293 1926 388 1990 liceat
403 1924 496 1988 nobis
514 1934 581 1989 tota
600 1924 775 2010 producere
792 1925 858 1991 vite

283 2027 448 2084 aeternum
464 2017 524 2082 hoo
542 2029 670 2082 sanotae
687 2019 800 2084 foedus
817 2018 983 2085 amicitiae.

669 2491 747 2560 CX

240 2611 402 2686 Aufilena,
419 2610 523 2677 bonae
541 2633 665 2696 semper
680 2613 852 2678 laudantur
869 2611 1004 2678 emisset
1117 2637 1123 2643 ·

284 2704 444 2790 aoeipiunt
460 2705 608 2790 pretium,
626 2726 709 2789 quae
726 2706 831 2772 faeere
848 2705 1027 2771 instituunt.

240 2809 287 2876 tu,
305 2798 476 2884 promisisti
494 2798 571 2862 mihi
589 2792 675 2882 quod
693 2796 835 2878 mentita,
853 2799 1022 2876 inimioa's3

283 2892 370 2976 quod
386 2914 445 2957 neo
461 2892 519 2956 des
536 2903 568 2957 et
584 2892 648 2957 fers
667 2916 772 2978 saepe,
792 2894 869 2960 faois
887 2894 1023 2960 facinus.

161 3004 182 3059 5
239 2997 296 3050 aut
312 2987 417 3051 faeere
434 2984 593 3069 ingenuae
610 2998 667 3064 est,
686 3000 742 3051 aut
758 3009 822 3052 non
838 2988 993 3073 promisse
1010 2985 1161 3073 pudicae,

283 3079 442 3157 Aufilena,
459 3079 535 3145 fuitr
555 3079 613 3144 sed
630 3081 705 3145 dats
722 3082 878 3167 corripere

238 3172 446 3238 fraudando.
478 3220 488 3237 .
518 3221 527 3237 .
559 3221 568 3237 .
594 3218 604 3236 .
626 3173 699 3258 plus
716 3196 812 3258 quam
830 3174 1003 3241 meretrIois
1021 3176 1182 3252 avaraest',

282 3288 365 3350 quoe
382 3289 451 3333 sese
468 3276 535 3332 toto
554 3287 684 3352 corpore
701 3269 870 3354 prostituit.

620 3517 791 3530 mu·—

658 3743 752 3812 CXL

234 3863 400 3941 Aufilenu
417 3863 486 3929 viro
504 3873 685 3929 eontentam
703 3852 809 3931 vivere
827 3865 906 3942 solo,

277 3968 450 4044 nuptorum
467 3956 537 4023 leus
555 3979 574 4023 e
590 3957 738 4023 laudibus
757 3959 894 4025 eximiis:
