2842 4386
541 204 670 265 ‘LIBER
697 233 702 240 ¹

227 326 404 396 iocum'me
422 330 516 417 putat
531 353 601 398 esse
618 332 757 398 moecha*
769 331 870 420 turpis
886 348 888 352 “
913 333 936 377 '-

225 437 260 490 et
276 436 374 510 negat
390 425 469 490 mihi
485 436 594 491 nostra
611 427 807 493 reddituram

227 519 405 606 pugillaria,
423 520 451 583 si
467 521 535 605 pati
552 522 695 606 potestis.

227 635 456 698 persequamur
473 637 555 691 eam,
571 625 604 679 et
621 616 845 700 reflagitemus.

225 729 310 791 quae
328 708 369 771 sit
385 707 555 790 quaeritis?
588 709 756 792 illaquam
774 709 888 776 videtis

225 812 320 886 turpe
337 801 494 878 incedere,
516 802 642 866 mimice
660 823 698 867 ac
715 804 847 869 moleste

226 894 382 960 ridentem
400 896 497 959 catuli
515 917 569 960 ore
588 894 756 962 Gallicani.

225 988 446 1053 circumsistite
463 1010 545 1064 eam,
562 1000 596 1054 et
612 991 799 1074 reflagitate,

226 1081 377 1146 ‘moecha
393 1083 514 1167 putida,
532 1083 629 1148 redde
648 1084 820 1159 codicillos,

226 1175 335 1253 redde,
354 1171 465 1259 putida
481 1177 625 1252 moecha,
644 1175 825 1241 codicillos?

227 1288 290 1332 non
308 1269 388 1333 assis
405 1268 499 1333 facit?
520 1291 540 1332 o
557 1270 670 1345 lutum,
688 1270 831 1354 lupanar,

225 1372 283 1424 aut
300 1357 326 1425 si
344 1362 498 1447 perditius
515 1373 619 1448 potest
636 1362 713 1446 quid
731 1385 809 1453 esse.
970 1421 971 1425 ,

228 1455 365 1520 sednon
383 1467 432 1521 est
448 1454 554 1522 tamen
572 1456 634 1520 hoc
652 1456 727 1521 satis
745 1455 935 1540 putandum.
988 1510 991 1515 .

224 1549 360 1630 quodsi
377 1571 441 1614 non
458 1549 546 1613 aliud
563 1559 678 1635 potest,
695 1549 845 1613 ruborem

227 1642 336 1707 ferreo
348 1644 435 1707 canis
453 1644 667 1728 exprimamus
685 1665 749 1708 ore.

224 1737 423 1800 conclamate
440 1737 554 1800 iterum
573 1736 685 1801 altiore
702 1757 780 1800 voce

225 1828 376 1894 ‘moecha
392 1830 515 1915 putida,
533 1830 630 1895 redde
648 1830 820 1907 codicillos,

227 1924 334 2000 redde,
352 1924 464 2009 putide
480 1924 622 2001 moecha,
641 1923 822 1989 codicillos?

226 2009 285 2081 sad
300 2017 346 2081 nil
364 2018 557 2102 proficimus,
575 2019 653 2083 nihil
671 2028 827 2083 movetur.
869 2063 871 2066 -

228 2112 380 2177 mutanda
397 2123 446 2176 est
462 2113 542 2177 ratio
560 2113 738 2196 modusque
756 2111 857 2187 vobis,

227 2203 333 2286 siquid
349 2205 502 2290 proficere
521 2205 656 2292 amplius
674 2207 814 2292 potestis,

224 2298 359 2383 ‘pudica
377 2310 409 2365 et
425 2300 536 2386 proba,
553 2300 651 2366 redde
669 2298 849 2366 codicillos.’

545 2644 678 2712 XLIII.

272 2763 378 2839 Salve,
396 2786 456 2830 nec
472 2765 603 2830 minimo
621 2766 728 2851 puella
744 2785 823 2830 naso

271 2879 330 2923 neo
348 2858 432 2922 bello
450 2852 531 2944 pede
549 2881 607 2925 neo
624 2859 723 2943 nigris
741 2856 850 2922 ocellis

271 2973 331 3016 neo
348 2952 452 3036 longis
471 2952 577 3038 digitis
595 2974 654 3016 neo
671 2974 725 3017 ors
742 2952 827 3016 sicco

268 3066 329 3109 nec
346 3068 422 3110 sane
440 3046 533 3110 nimis
551 3047 696 3132 elegante
713 3045 833 3131 lingua,

270 3138 443 3205 decoctoris
461 3139 563 3204 amica
578 3139 750 3204 Formiani.

270 3241 323 3297 ten
340 3233 502 3318 provincia
518 3243 625 3301 nanat
642 3255 711 3298 esse
728 3231 865 3296 bellam?
894 3286 896 3291 .

270 3335 375 3389 tecum
393 3326 514 3391 Lesbia
530 3337 637 3390 nostra
654 3325 861 3410 conparatur?

269 3439 288 3482 o
306 3421 446 3485 saeclum
462 3420 622 3505 insapiens
640 3431 671 3485 et
688 3416 876 3485 infacetuml

543 3766 674 3834 XLIV.

162 3882 197 3948 Ο
215 3883 314 3949 funde
332 3894 439 3950 noster
456 3888 513 3951 seu
531 3883 651 3951 Sabine
668 3907 725 3950 seu
742 3886 860 3951 Tiburs
916 3942 919 3946 Α

160 3976 252 4060 (nam
271 3989 302 4043 te
321 4001 391 4044 esse
406 3979 573 4045 Tiburtem
592 3990 767 4057 autumant,
786 3980 903 4063 quibus
919 3991 1050 4048 nonest
