2842 4386
625 226 752 282 arnan·
779 200 781 205 ’

298 350 355 415 ubi
372 349 431 415 iste
448 359 521 435 post
536 349 685 434 phaselus
704 360 797 415 antea
812 348 874 416 fuit

299 454 422 508 comata
440 444 533 508 silva:
551 467 626 508 nam
645 443 775 529 Cytorio
793 443 825 508 in
842 444 919 530 iugo

216 570 219 575 ·
298 539 448 623 loquente
462 560 560 623 saepo
578 537 705 609 sibilum
723 537 821 602 edidit
839 559 939 602 coma.

297 631 440 697 Amastri
457 631 593 696 Pontica
610 641 642 696 et
659 629 778 716 Cytore
795 631 932 709 buxifer,
967 655 969 659 ¹

298 725 356 790 tibi
373 724 453 790 haec
470 725 568 790 fuisse
587 735 619 789 et
636 747 705 790 esse
723 724 938 810 cognitissima

299 818 345 883 ait
359 818 523 904 phaselus:
542 818 653 884 ultima
670 839 709 881 ex
727 817 849 902 origine

299 922 354 976 tno
372 911 496 976 stetisse
513 911 589 975 dicit
606 911 640 975 in
656 911 831 988 cacumine,

298 1014 353 1070 tuo
370 1005 521 1069 imbuisse
539 1005 695 1090 palmulas
711 1004 745 1069 in
763 1025 911 1089 aequore,

299 1109 331 1164 et
347 1098 421 1164 inde
439 1107 486 1163 tot
502 1120 560 1183 per
575 1098 750 1184 inpotentia
767 1098 849 1163 freta

298 1214 393 1260 erum
404 1192 525 1269 tulisse,
543 1193 635 1257 laeva
653 1193 719 1258 sive
737 1192 867 1258 dextera

298 1295 425 1351 voearet
442 1308 530 1362 aura,
549 1286 617 1351 sive
633 1296 804 1369 utrumque
821 1283 964 1370 Iuppiter

299 1378 391 1443 simul
410 1379 567 1444 secundus
584 1378 747 1444 incidisset
763 1379 796 1443 in
814 1378 942 1465 pedem3

297 1495 400 1556 neque
417 1473 483 1538 ulla
500 1483 574 1538 vota
590 1473 766 1537 litoralibus
784 1473 851 1538 deis
882 1543 885 1546 ,
932 1492 934 1496 ·

299 1564 359 1629 sibi
377 1587 446 1630 esse
463 1566 559 1642 facta,
577 1586 650 1630 oum
669 1566 790 1631 veniret
807 1590 827 1630 a
843 1565 923 1631 mari

297 1658 469 1723 novissimo
487 1660 571 1723 hunc
588 1658 749 1742 adusque
767 1659 934 1745 limpidum
950 1658 1065 1722 houm.

298 1752 355 1817 sed
371 1752 451 1817 haec
467 1752 555 1837 prius
572 1752 677 1817 fuere:
696 1774 781 1816 nunc
798 1752 960 1818 recondita

298 1856 388 1911 senet
403 1845 509 1929 quiete
527 1866 625 1929 seque
644 1846 769 1910 dedicat
785 1846 853 1920 tibi,

298 1940 433 2026 gemelle
451 1939 564 2006 Castor
582 1950 614 2004 et
629 1939 765 2025 gemelle
782 1936 934 2006 Castoris.

657 2193 699 2262 V.

297 2312 463 2390 irruamus,
481 2335 554 2379 mea
570 2312 700 2390 Lesbia,
719 2323 814 2399 atque
831 2335 992 2390 amemus„

296 2426 503 2490 rumoresque
521 2428 632 2471 senum
651 2406 844 2471 severiorum

298 2520 406 2564 omnes
423 2499 517 2563 unius
535 2501 736 2565 aestimemus
754 2499 843 2564 assis.

296 2592 539 2663 solesoccidere
557 2601 589 2657 et
605 2592 707 2657 redire
724 2601 869 2678 possunt:

296 2685 398 2761 nobis,
416 2707 488 2749 cum
506 2685 603 2749 semel
615 2685 736 2750 occidit
750 2684 856 2750 brevis
873 2683 939 2762 lux,

296 2801 361 2844 nox
378 2790 426 2842 est
442 2787 596 2863 perpetua
612 2801 677 2843 una
695 2777 888 2842 dormiendo.

297 2873 339 2939 da
355 2871 399 2935 mi
417 2871 506 2935 basia
522 2870 619 2949 mille,
638 2870 752 2936 deinde
770 2881 907 2947 centum,
1032 2952 1033 2956 Ἰ

297 2964 371 3031 dein
388 2963 474 3028 mille
491 2965 599 3040 altera,
618 2964 692 3030 dein
709 2962 849 3029 secunda
866 2973 1004 3040 centnm,

297 3058 410 3124 deinde
428 3079 529 3143 usque
546 3059 645 3123 altera
662 3059 758 3136 mille,
776 3058 889 3123 deinde
907 3067 1043 3137 centum,

297 3153 380 3230 dein,
398 3174 470 3217 oum
488 3151 574 3215 milia
592 3151 692 3216 multa
707 3152 885 3227 fecerimus,
1037 3145 1041 3151 ’

298 3244 556 3311 conturbabimus
573 3245 637 3320 illa,
654 3267 695 3310 ne
714 3245 860 3321 sciamus,

298 3349 353 3404 aut
368 3337 480 3423 nequis
497 3337 600 3402 malus
617 3338 757 3403 invidere
774 3338 885 3423 possit,

297 3453 370 3499 oum
386 3441 510 3497 tantum
533 3431 610 3496 sciet
627 3453 697 3497 esso
713 3431 884 3496 basiorum.

645 3685 709 3753 VI.

251 3799 255 3804 ⁴
296 3806 400 3882 Flavi,
419 3804 547 3872 delicias
564 3815 635 3869 tuas
653 3804 790 3882 Catullo,
842 3781 844 3786 Ι

296 3900 330 3965 ni
348 3898 412 3964 sint
427 3899 585 3985 inlepidae
603 3908 698 3982 atque
714 3898 918 3983 indagantes,

296 3994 394 4061 velles
412 3992 528 4072 dicere,
544 4014 604 4060 nec
620 4003 726 4058 tacere
744 3989 862 4078 posses.
882 4063 883 4066 Ἴ
