2842 4386
592 223 712 280 LIBER·

270 344 336 411 sive
354 354 441 410 trans
460 345 539 410 altas
556 346 719 430 gradietur
736 347 848 433 Alpes,

271 436 466 505 Caesaris
436 460 541 503 vrsens
558 439 751 506 monimenta
768 441 886 527 magui,
945 509 947 514 ,

172 548 174 552 “
271 531 432 600 Gallicum
449 532 612 611 Rhenum,
630 533 780 600 horribile
799 557 931 619 aequor,
957 529 1032 646 ulti·

270 648 402 710 mosque
420 625 601 701 Britannos,
660 637 669 664 ⁵
770 657 774 666 ·

269 813 374 878 omnia
390 812 479 889 haec,
498 833 717 896 quaecumque
735 813 815 879 feret
832 814 978 879 voluntas

269 906 427 983 caelitum,
445 916 599 991 temptare
617 906 711 971 simul
729 906 840 990 parati,

269 1021 372 1085 pauca
389 999 532 1063 nuntiate
549 1020 639 1065 meae
651 999 781 1084 puellae

268 1114 332 1156 non
350 1092 435 1156 bona
452 1091 545 1158 dicta.

270 1299 342 1343 cum
360 1278 425 1342 suis
443 1277 530 1341 vivat
547 1277 714 1360 valeatque
732 1278 882 1356 moechis,

268 1393 348 1454 quos
366 1370 459 1435 simul
478 1371 632 1455 conplexa
649 1379 735 1436 tenet
752 1380 919 1450 trecentos,

262 1464 391 1528 ‘nullum
408 1486 518 1528 amans
536 1485 620 1540 vere,
639 1463 696 1528 sed
713 1463 886 1530 identidem
903 1466 1043 1530 omnium

236 1611 239 1620 .
267 1557 323 1623 ilia
339 1579 504 1641 rumpens:

268 1766 326 1810 neo
343 1766 450 1809 meum
467 1752 631 1828 respectet,
650 1753 687 1806 ut
705 1753 788 1821 ante,
808 1767 959 1823 amorem,
1003 1784 1007 1789 .

269 1837 323 1921 qui
341 1837 425 1901 illius
444 1837 538 1921 culpa
556 1835 669 1901 cecidit
686 1837 772 1900 velut
790 1838 871 1921 prati

268 1930 370 1994 ultimi
387 1930 456 2006 flos,
474 1939 694 2015 praetereunte
712 1941 881 2014 postquam

269 2034 371 2090 tactus
388 2033 493 2089 aratro
512 2034 569 2089 est.
616 2069 617 2072 κ

567 2170 737 2182 ἠ

605 2313 688 2378 XII.

310 2432 495 2498 Marrucine
512 2432 616 2508 Asini,
634 2454 732 2496 manu
749 2431 876 2497 sinistra

311 2549 373 2591 non
390 2526 472 2591 belle
490 2525 586 2589 uteris
604 2525 637 2588 in
654 2524 724 2589 ioco
742 2535 837 2608 atque
854 2525 943 2589 vino:
1007 2535 1009 2538 ’

310 2620 392 2685 tollis
410 2621 506 2684 lintea
523 2618 806 2703 neglegentiorum.

310 2713 371 2778 hoo
389 2713 507 2776 salsum
524 2734 592 2776 esse
609 2713 723 2796 putas?
741 2710 823 2797 fugit
840 2721 881 2787 te,
899 2710 1021 2796 inepte:

310 2806 455 2890 quamvis
473 2804 599 2869 sordida
616 2827 666 2868 res
683 2815 716 2870 et
732 2805 938 2870 invenustast.

310 2923 374 2965 non
392 2899 493 2965 credis
511 2898 609 2962 mihi?
627 2899 719 2964 crede
737 2897 875 2963 Pollioni
970 2967 972 2969 .

310 2993 409 3070 fratri,
428 2993 482 3076 qui
500 3003 555 3057 tua
572 2992 657 3056 furta
673 2993 723 3057 vel
742 2992 859 3057 talento

311 3087 427 3153 mutari
444 3087 534 3151 velit:
553 3097 602 3150 est
618 3085 702 3150 enim
723 3086 867 3171 leporum

311 3182 446 3248 disertus
463 3203 544 3266 puer
561 3202 598 3245 ac
616 3180 811 3246 facetiarum.

312 3298 409 3360 quare
427 3285 483 3339 aut
500 3273 779 3358 hendecasyllabos
797 3280 952 3338 trecentos

312 3378 445 3454 expecta
462 3378 517 3432 aut
534 3366 611 3431 mihi
628 3367 759 3432 linteum
777 3366 910 3443 remitte,

311 3461 396 3546 quod
412 3483 464 3525 me
481 3482 545 3524 non
562 3470 669 3525 movet
686 3458 911 3536 aestimatione,

312 3577 422 3618 verum
440 3564 489 3619 est
505 3575 746 3636 mnemosynum
763 3552 826 3616 mei
844 3550 974 3618 sodalis,

310 3671 383 3712 nam
402 3646 528 3711 sudaria
547 3645 686 3711 Saetaba
704 3668 744 3709 ex
761 3644 891 3709 Hiberis

312 3741 466 3805 miserunt
482 3739 558 3804 mihi
576 3738 698 3804 muneri
715 3739 871 3803 Fabullus

312 3845 344 3899 et
361 3833 533 3902 Veranius:
552 3833 632 3897 haec
649 3854 752 3897 amem
770 3839 930 3896 necessest

312 3939 348 3992 ut
365 3926 571 3995 Veraniolum
589 3937 746 3992 meum-et
762 3923 950 3997 Fabullum.
