2842 4386
618 214 735 269 LIBER

269 346 397 402 centum
410 358 457 401 an
474 334 614 413 ducenti,
632 358 695 401 non
713 337 830 423 putatis
849 360 1001 402 ausumm
1028 347 1031 351 ’

270 453 322 495 me
340 452 403 494 una
422 429 576 495 ducentos
593 431 752 495 inrumare
770 433 927 497 sessores?

274 523 363 608 atqui
381 531 505 609 putate:
527 545 666 607 namque
685 525 780 589 totius
799 525 888 589 vobis
908 547 912 556 ·

271 617 408 682 frontem
426 618 576 684 tabernae
593 618 777 703 ropionibus
796 620 943 684 scribam.

271 710 378 796 puella
394 735 470 776 nam
486 713 541 789 mi,
560 733 642 795 quae
660 734 731 777 meo
750 712 821 776 sinu
839 713 931 797 fugit,

271 815 377 868 amata
395 815 516 869 tantum
535 816 688 888 quantum
707 806 866 870 amabitur
882 807 980 881 nulla,

270 920 329 984 pro
347 919 412 980 qua
428 898 505 963 milri
524 909 598 963 sunt
614 922 732 984 magna
751 900 834 964 bella
850 910 1002 986 pugnata,

271 991 414 1056 consedit
430 992 511 1056 istic.
555 993 638 1056 hano
656 993 731 1057 boni
751 993 898 1076 beatique

272 1106 384 1149 omnes
401 1086 524 1163 amatis,
543 1097 575 1152 et
592 1086 730 1170 quidem,
748 1088 835 1170 quod
852 1088 1059 1173 indignumst‚

272 1201 382 1243 omnes
400 1180 507 1264 pusilli
525 1190 557 1245 et
574 1181 725 1246 semitarii
742 1181 879 1258 moechi3
910 1208 912 1211 ¹

272 1283 308 1336 tu
326 1282 451 1357 praeter
464 1280 578 1340 „omnes
596 1297 659 1340 une
678 1275 717 1339 de
736 1274 901 1359 capillatis,

273 1366 474 1432 cuniculosae
493 1365 684 1432 Celtiberiae
705 1368 749 1432 fili

272 1458 402 1545 Egnati,
421 1482 520 1545 opaca
538 1483 632 1545 quem
651 1462 769 1525 bonum
789 1463 865 1526 facit
883 1462 984 1529 barba

276 1562 308 1617 et
327 1553 404 1619 dens
422 1554 546 1619 Hibera
563 1555 734 1620 defricatus
752 1556 852 1621 urina.

573 1901 780 1968 XXXVHl.

271 2020 400 2097 Malest‚
419 2019 581 2096 Comifici,
599 2032 654 2085 tuo
673 2020 812 2098 Catullo,

271 2117 385 2180 malest
402 2136 453 2178 me
471 2113 599 2179 hercule
617 2114 645 2178 ei
665 2126 697 2179 et
712 2115 879 2194 laboriose,

271 2219 305 2275 et
320 2209 423 2294 magis
441 2208 544 2294 magis
562 2209 596 2273 in
614 2209 681 2274 dies
700 2220 732 2274 et
749 2210 852 2275 boras.

272 2325 368 2387 quem
385 2314 431 2380 tu,
450 2302 536 2388 quod
553 2303 720 2368 minimum
737 2302 1025 2389 facillimumquest,

272 2419 336 2481 qua
353 2396 472 2462 solatus
490 2419 525 2462 ss
544 2396 763 2462 adlocutione?

270 2491 390 2555 irascor
406 2489 474 2555 ribi.
518 2489 564 2555 sic
581 2512 668 2556 meos
686 2493 828 2556 amores?

271 2585 412 2669 paullum
431 2583 509 2667 quid
526 2583 615 2648 lubet
633 2584 851 2661 adlocutionis,

271 2680 423 2744 maestius
440 2678 577 2742 lacrimis
596 2677 798 2744 Simonideis.

589 2867 758 2878 ...—

586 3023 760 3091 XXXIX

227 3145 396 3234 Egnatius,
414 3144 501 3229 quod
518 3143 669 3210 candidos
686 3145 784 3210 habet
800 3145 920 3223 dentes,

227 3242 351 3307 renidet
367 3262 467 3323 usque
486 3260 622 3322 quaque.
666 3240 693 3304 si
711 3239 752 3305 ad
769 3241 815 3304 rei
833 3251 993 3305 ventumst

228 3335 425 3409 subsellium,
443 3355 516 3397 curn
533 3344 638 3398 orator
656 3334 771 3398 excitat
788 3335 907 3410 fletum,

227 3429 351 3495 renidet
366 3428 429 3492 ille.
462 3426 501 3518 'si
518 3427 560 3490 ad
577 3426 620 3512 pii
638 3450 751 3513 rogum
769 3428 814 3492 fili

227 3525 365 3608 lugetur,
383 3521 461 3585 orba
478 3543 551 3586 curn
569 3521 623 3586 flet
641 3522 769 3586 unicum
788 3533 896 3598 mater,
998 3536 1009 3543 ·

227 3616 350 3682 renidet
367 3615 429 3679 ille.
473 3614 627 3698 quidquid
646 3627 702 3693 est,
720 3616 953 3698 ubicumquest‚

228 3711 451 3794 quodcumque
470 3709 546 3793 agit,
564 3709 695 3774 renidet.
739 3708 824 3773 huno
841 3709 937 3773 habet
954 3707 1110 3787 morbum,

227 3826 332 3887 neque
351 3803 539 3887 elegantem,
558 3813 594 3866 ut
610 3802 753 3879 arbitror,
771 3824 874 3886 neque
893 3803 1057 3868 urbanum.

228 3920 327 3982 quare
344 3896 537 3961 monendum
555 3906 586 3961 te
604 3907 653 3961 est
669 3896 757 3974 mibi,
775 3896 858 3962 bone
876 3896 1006 3981 Egnati,

229 3992 255 4057 si
273 3991 413 4056 urbanus
432 4012 517 4056 esses
536 4000 593 4054 aut
610 3991 749 4073 Sabinus
768 4000 822 4056 aut
840 3990 957 4055 Tiburs
1007 4034 1014 4057 .-
