2842 4386
601 218 727 273 LIBER'

623 406 681 473 LI.

332 526 392 592 Ille
410 526 454 591 mi
473 550 532 613 par
548 551 618 593 esse
635 527 696 599 deo
714 525 870 605 videtur,

330 620 397 698 ille,
413 621 440 686 si
457 621 507 686 fas
525 633 581 698 est,
601 643 752 707 superare
768 623 869 698 divos,

331 715 520 798 qui-sedens
538 716 691 780 adversus
709 716 882 781 identidem
900 727 932 782 te

327 818 452 893 speetat
468 818 507 872 et.
518 809 606 872 audit
653 852 656 860 ·
728 854 732 863 .
802 851 808 863 ·

285 1063 287 1066 Α
330 991 427 1058 dulce
443 994 608 1071 ridentem,
627 993 845 1078 misero'quod
864 993 966 1060 omnis

331 1087 423 1171 eripit
441 1110 552 1153 sensus
570 1088 662 1152 mihi:
684 1110 760 1151 nam
777 1089 871 1152 simul
890 1102 931 1164 te,

332 1179 462 1258 Lesbia,
481 1182 623 1267 adspexi,
641 1181 720 1246 nihil
739 1192 898 1268 estsuper
915 1182 960 1246 mi

333 1459 444 1546 lingua
462 1463 517 1526 sed
534 1471 648 1547 torpet,
666 1461 771 1528 tenuis
788 1462 849 1527 sub
867 1472 955 1528 artus

334 1554 462 1619 flamma
479 1554 637 1632 demanat,
657 1552 761 1620 sonitu
780 1567 891 1640 suopte

335 1648 484 1713 tintinant
501 1671 593 1713 aures
612 1649 769 1734 geminae,
783 1658 939 1734 teguntur

334 1740 456 1806 lumina
472 1751 576 1807 noete.

333 1927 444 2004 otium,
464 1925 602 2004 Catulle,
620 1927 678 1991 tibi
695 1929 911 1994 molestumst:

336 2020 401 2085 otio
421 2023 544 2086 exultas
561 2021 758 2105 nimiumque
775 2023 884 2107 gestis.

335 2114 435 2178 otium
452 2124 483 2180 et
501 2136 594 2200 reges
611 2115 699 2200 prius
718 2114 750 2180 et
767 2115 877 2181 beatas
944 2114 947 2120 ’

336 2207 473 2293 perdidit
488 2209 594 2274 urbes.
650 2237 653 2244 ·

450 2539 803 2622 NJnu..

293 2673 386 2756 Quid
403 2685 461 2751 est,
480 2673 626 2740 Catulle?
647 2675 725 2758 quid
742 2675 874 2740 moraris
892 2675 1009 2741 emori?

291 2770 372 2844 sella
389 2770 422 2833 in
440 2769 541 2833 auruli
560 2779 680 2832 struma
697 2768 821 2833 Nonius
840 2769 938 2844 sedet,

293 2884 351 2948 per
368 2863 568 2927 consulatum
585 2861 722 2946 perierat
740 2861 901 2927 Vatinius:

289 2955 447 3040 quidest,
467 2952 613 3020 Catulle?
636 2955 713 3038 quid
731 2954 863 3019 moraris
881 2954 998 3020 emonii

572 3143 743 3155 -n——u—

608 3302 704 3368 LIII.

338 3422 408 3490 Risi
425 3421 532 3488 neseio
551 3443 646 3505 quem
664 3420 759 3485 modo
778 3443 795 3486 e
813 3442 940 3499 corona,
989 3447 992 3453 ¹

336 3517 403 3600 qui,
421 3538 495 3580 eum
511 3515 643 3580 mirifiee
660 3515 833 3581 Vatiniana

338 3632 429 3674 meus
447 3608 579 3674 erimina
598 3607 719 3673 Calvus
738 3610 937 3694 explicasset,

336 3702 496 3770 admirans
514 3702 559 3767 ait
574 3703 654 3767 haee
672 3724 848 3786 manusque
866 3703 983 3769 tollens

335 3795 386 3860 ‘di
403 3796 523 3882 magni,
541 3795 735 3881 salaputium
753 3795 929 3861 disertumI’
