2842 4386
656 207 825 266 CATULLI

440 347 482 414 at,
500 334 622 410 marite,
640 333 683 396 ita
701 354 752 396 me
770 332 881 397 iuvent

503 428 641 504 coelites,
659 426 756 490 nihilo
774 425 878 489 minus

505 523 615 609 pulcer
632 542 677 597 es,
695 541 798 602 neque
815 530 846 583 te
863 519 976 584 Venus

441 616 592 703 neglegit.
636 613 693 679 sed
709 613 777 677 abit
794 612 875 677 dies:

503 731 613 794 perge,
630 729 671 772 ne
689 727 857 771 remorare.

441 902 507 945 non
524 879 579 942 diu
597 886 774 943 remoratus
791 898 836 952 es,

503 973 566 1037 iam
584 971 684 1036 venis.
728 970 861 1033 bonate
878 970 990 1032 Venus

505 1065 629 1139 iuverit,
648 1063 798 1147 quonium
816 1063 921 1146 palam

441 1160 528 1245 quod
546 1158 636 1243 cupis
655 1157 744 1241 cupis
762 1168 795 1222 et
812 1156 932 1219 bonum

508 1275 572 1317 non
590 1250 757 1315 abscondis
775 1270 926 1314 amorem.

444 1423 498 1488 ille
515 1421 655 1507 pulveris
673 1419 778 1484 Africi

508 1516 711 1596 siderumque
730 1511 913 1576 micantium

510 1608 668 1674 subducat
684 1629 852 1671 numerum
870 1604 970 1689 prius,

446 1704 500 1789 qui
519 1703 616 1767 vostri
632 1722 800 1766 numerare
817 1700 884 1764 volt

511 1798 612 1861 mults
628 1796 716 1860 milia
732 1793 809 1859 ludi.

444 1968 545 2034 ludite
562 1978 599 2031 ut
614 1967 713 2041 lubet,
735 1976 767 2029 et
782 1962 873 2028 brevi

510 2061 626 2125 liberos
644 2059 727 2123 date.
763 2079 828 2121 non
845 2056 937 2122 decet

509 2165 575 2217 tam
592 2162 683 2217 vetus
702 2151 769 2215 sine
786 2150 894 2215 liberis

448 2270 563 2312 nomen
581 2269 660 2323 esse,
678 2245 736 2310 sed
752 2245 892 2310 indidem

511 2363 635 2425 semper
652 2339 842 2424 ingenerari.

449 2512 630 2594 Torquatus
648 2510 721 2574 volo
738 2508 889 2594 parvulus

513 2605 620 2668 matris
639 2627 656 2667 e
674 2603 794 2688 gremio
812 2624 889 2666 suae

514 2698 677 2784 porrigens
694 2709 818 2761 teneros
837 2717 949 2758 manus

451 2793 544 2857 dulce
561 2791 663 2856 rideat
680 2790 721 2854 ad
738 2799 860 2874 patrem

515 2884 700 2951 semihiante
717 2883 842 2948 labello.

452 3054 492 3120 sit
510 3076 568 3119 suo
586 3054 696 3118 similis
714 3052 797 3138 patri

514 3147 638 3213 Manlio
655 3157 687 3211 et
704 3146 797 3210 facile
814 3144 921 3210 insciis

514 3241 686 3305 noscitetur
703 3240 744 3303 ab
762 3239 908 3303 omnibus

454 3345 486 3400 et
502 3335 688 3420 pudicitiam
706 3356 782 3399 suae

516 3427 625 3492 matris
642 3426 761 3492 indicet
777 3447 841 3490 ore.

452 3597 524 3662 talis
542 3597 625 3663 illius
643 3621 663 3661 a
680 3598 764 3661 bona

515 3704 615 3757 matre
632 3692 702 3758 laus
719 3714 823 3778 genus
840 3689 1005 3776 adprobet,

517 3787 620 3871 qualis
637 3787 732 3850 unica
749 3786 791 3851 ab
808 3785 928 3871 optima

453 3891 553 3946 matre
570 3880 762 3945 Telemacho
781 3890 889 3945 manet

515 3974 601 4039 fama
617 3973 809 4059 Penelopeo.
