2842 4386
547 273 664 328 LIBER

262 393 315 461 dio
332 394 426 460 nobis
443 394 499 459 ubi
517 397 560 460 sis
579 397 715 473 futurus,
734 398 792 464 ede

263 489 425 567 audacter,
444 490 613 567 committe,
633 490 728 557 crede
743 492 815 558 luc‘u

264 606 343 647 num
361 594 392 648 te
409 584 562 650 lacteolae
579 593 687 649 tenent
704 587 848 671 puellae?

264 677 292 741 si
308 677 453 762 linguam
471 677 578 741 clauso
597 687 685 742 tenes
702 680 735 742 in
753 701 817 755 ore,

262 770 387 835 fructus
405 770 539 855 proicies
556 772 672 835 amoris
690 794 814 838 omnes:

264 863 400 928 verbosa
417 863 537 948 gaudet
554 864 664 930 Venus
682 866 829 949 loquella.

263 957 324 1033 vel,
343 957 370 1019 si
388 957 446 1033 vis,
463 954 537 1021 licet
554 957 683 1022 obseres
701 961 854 1044 palatum,

264 1040 343 1113 dum
360 1051 459 1115 nostri
477 1051 520 1114 sis
538 1051 696 1138 particeps
714 1054 839 1118 amoris.

521 1241 691 1252 ——u—-n-

439 1371 445 1384 ’
557 1399 649 1466 Lvr.

266 1515 297 1581 O
316 1540 384 1582 rem
400 1517 577 1594 ridiculam,
597 1516 690 1596 Cato,
709 1530 741 1585 et
756 1519 894 1584 iocosam

265 1610 459 1696 dignamque
477 1611 607 1675 auribus
624 1622 657 1676 et
674 1624 729 1676 tuo
747 1614 911 1677 cachinno.
971 1612 973 1617 ’

264 1704 343 1780 ride,
362 1705 517 1787 quidquid
535 1727 633 1779 amas,
652 1702 745 1780 Cato,
764 1707 940 1772 Catullum:

265 1821 316 1863 res
334 1809 382 1862 est
398 1798 532 1862 ridicula
550 1807 581 1862 et
597 1797 691 1863 nimis
709 1799 823 1864 iocosa.
849 1874 850 1877 Ἴ

248 1887 418 1976 ‘deprendi
434 1892 529 1954 modo
546 1891 702 1975 pupulum
720 1893 844 1977 puellae

265 1994 453 2050 trusantem:
472 1984 556 2049 hunc
571 2007 640 2069 ego,
660 1986 686 2050 si
699 1988 804 2071 placet
818 1985 955 2062 Dionae,
976 2008 979 2012 ·

238 2143 240 2147 .
265 2079 387 2165 protelo
405 2078 508 2164 rigida
526 2101 598 2144 mea
613 2079 724 2144 cecidi.
976 2077 979 2081 ’

520 2270 690 2279 ———-—....

549 2427 658 2493 LVII.

265 2545 382 2610 Pulcre
399 2546 548 2610 convenit
564 2545 706 2631 inprobis
724 2546 873 2623 cinaedis,

266 2640 452 2704 Mamurrae
470 2639 660 2727 pathicoque
679 2635 889 2722 Caesarique.

265 2756 326 2799 nec
338 2733 474 2818 mirum:
496 2733 641 2797 maculae
658 2755 750 2817 pares
767 2733 920 2817 utrisque,

264 2823 388 2891 urbana
406 2827 506 2892 altera
523 2836 556 2891 et
572 2825 627 2890 illa
643 2825 824 2902 Formiana,
871 2878 874 2882 .

266 2921 428 3005 inpressae
444 2919 584 2985 resident
600 2941 660 2985 nec
678 2921 837 2985 eluentur:

266 3013 406 3079 morbosi
424 3014 542 3099 pariter
559 3013 685 3101 gemelli
703 3014 839 3097 utrique,

265 3130 330 3172 uno
348 3109 382 3171 in
398 3107 543 3172 lecticulo
561 3107 709 3173 erudituli
727 3109 832 3184 umbo,

265 3223 331 3267 non
348 3200 399 3266 hic
417 3223 513 3284 quam
529 3201 582 3268 ille
596 3200 698 3286 magis
712 3223 811 3267 vorax
823 3200 958 3279 adulter,

266 3297 381 3383 rivales
397 3296 474 3361 socii
491 3295 713 3382 puellularum.

265 3389 375 3476 pulcre
392 3389 540 3456 convenit
556 3389 697 3475 inprobis
716 3387 866 3453 cinaedis.
885 3471 888 3477 ,

523 3577 693 3588 ———=-

533 3718 670 3802 nuru.

269 3853 370 3931 caer,
387 3854 508 3919 nesea
524 3865 643 3930 nostra,
661 3831 781 3920 nescia
796 3854 861 3930 ma,

268 3949 324 4014 illa
340 3948 461 4013 Lesbia
478 3969 574 4031 quam
593 3944 740 4012 Catullus
757 3970 855 4024 unam

266 4044 339 4130 plus
358 4064 455 4127 quam
473 4064 507 4107 se
522 4052 617 4126 atque
631 4063 705 4106 suos
718 4041 837 4142 amavit
849 4063 970 4120 omnes,
